4959 6309
2193 680 2493 751 *a—

556 912 786 981 Ossm
841 910 1123 996 Bonum,
1175 914 1436 1007 aliisque
1481 916 1548 983 in
1587 916 1796 983 lucem
1839 914 2079 1009 prolata
2127 930 2296 987 sunt.
2397 916 2571 1005 Quae
2618 940 2759 985 vero
2808 918 3217 1009 geometricus
3264 916 3515 983 illustris
3561 913 3814 983 Italicus
3864 914 4107 984 Touro-

557 1112 686 1157 mu
733 1092 1038 1183 imprimis
1087 1092 1165 1160 de
1214 1092 1644 1159 Lemniscatae
1693 1092 2170 1161 Bernouillanae
2217 1094 2665 1162 rectificatione
2710 1094 2776 1159 in
2824 1093 3034 1160 Diario
3100 1094 3459 1161 Giornale
3508 1092 3877 1159 Arcadico
3930 1096 4105 1159 1844

555 1268 796 1357 publici
831 1268 992 1357 juris
1037 1267 1210 1347 fecit,
1259 1266 1417 1333 mihi
1460 1268 1776 1361 perlegere
1825 1292 1950 1336 non
1997 1270 2200 1351 licuit,
2249 1270 2332 1336 ob
2377 1269 2565 1360 hujus
2612 1270 2807 1336 Diarii
2854 1270 2919 1335 in
2967 1266 3366 1337 Bibliothecis
3414 1268 3781 1337 absentiam.

748 1444 935 1509 Varia
981 1443 1218 1510 monita
1263 1445 1491 1535 passim
1539 1468 1744 1536 sparsa
1791 1444 1906 1511 sub
1954 1468 2153 1511 unum
2203 1457 2617 1533 conspectum
2636 1443 3099 1535 conjungendo,
3138 1446 3567 1535 nonnullaque
3601 1443 3909 1525 addendo,
3947 1467 4107 1534 quac

558 1619 718 1686 mihi
763 1618 945 1687 obvia
991 1632 1218 1700 essent,
1283 1643 1388 1687 me
1460 1616 1696 1710 aliquid
1763 1620 1844 1687 ad
1891 1620 2320 1689 Lemniseatae
2369 1620 2845 1688 Bernouillanae
2892 1619 3195 1687 theoriam
3243 1620 3753 1713 promovendam,
3804 1632 4107 1711 quantum

565 1796 724 1863 vires
771 1819 948 1863 meae
1004 1795 1258 1886 exiguae
1329 1796 1626 1875 siverunt,
1691 1796 2088 1888 praestitisse,
2160 1799 2260 1865 vix
2331 1822 2577 1891 sperare
2634 1802 2857 1867 ausim.
2956 1800 3213 1866 Utinam
3284 1798 3502 1864 saltem
3552 1798 3629 1865 ad
3677 1798 3833 1864 vires
3880 1796 4112 1887 ingenii

563 1970 872 2037 acuendas
917 1970 1317 2061 profecissent
1363 1970 1594 2039 haecce
1640 1994 1818 2039 meae
1861 1972 2210 2063 primitiae!

753 2146 1122 2235 Priusquam
1180 2158 1390 2213 autem
1455 2145 1534 2211 ad
1589 2146 2040 2237 expositionem
2103 2158 2512 2228 transeamus,
2578 2172 2777 2235 pauca
2848 2150 3303 2240 praemittenda
3377 2161 3520 2215 sunt
3566 2148 3644 2215 de
3692 2148 4115 2216 Lemniscatae

565 2320 1044 2387 Bernouillanae
1091 2318 1468 2387 inventione.

755 2494 1036 2561 Jaconus
1083 2494 1466 2561 Bsaaouuu
1515 2495 1936 2576 ΒΑειιιεΝειε,
2003 2496 2442 2565 celeberrimus
2491 2497 2597 2565 ille
2643 2498 2874 2565 saeculi
2919 2497 3147 2565 decimi
3200 2498 3447 2589 septimi
3493 2496 3991 2577 mathematicus,
4043 2498 4119 2563 de

570 2668 1032 2735 constructione
1079 2667 1450 2737 Isochronae
1511 2669 2006 2752 Paraeentricae,
2076 2694 2186 2737 seu
2234 2694 2421 2739 curva
2485 2696 2763 2741 accessus
2826 2685 2889 2741 et
2960 2696 3229 2741 recessus
3302 2673 3639 2763 aequabilis
3710 2696 3919 2765 agens,
3997 2697 4121 2763 quo

577 2868 762 2937 scopo
809 2867 1067 2911 curvam
1115 2844 1527 2935 algebraicam
1577 2847 1844 2936 quaerit,
1894 2846 2356 2915 rectificationis
2402 2847 2670 2915 formula

2261 3116 2474 3190 a²bu

2127 3237 2564 3324 Ἀπ’-Ψ)

579 3419 985 3558 gaudentem,
1049 3470 1138 3536 sic
1207 3469 1482 3562 loquitur
1549 3471 1659 3560 (cf.
1713 3472 1898 3539 Acta
1962 3472 2192 3542 Erud.
2268 3473 2466 3566 Lips.
2536 3472 2713 3566 Sept.
2774 3479 2977 3556 1694,
3048 3499 3191 3567 pag.
3250 3474 3384 3542 336
3433 3487 3495 3543 et
3542 3475 3689 3543 JAC.
3742 3475 4121 3542 Βειιηουιιω

571 3643 850 3736 Opera,
904 3645 1081 3712 Tom.
1135 3644 1191 3724 Ι,
1243 3643 1356 3716 ΝΟ.
1411 3649 1527 3725 60,
1576 3669 1723 3737 pag.
1777 3648 1940 3736 609)

1136 3911 1178 3950 >›
1201 3883 1417 3954 Talem
1478 3907 1558 3952 ex
1621 3898 1761 3953 voto
1821 3911 1950 3954 sese
2021 3887 2176 3954 sistit
2249 3909 2432 3956 curva
2506 3900 2773 3979 quatuor
2836 3888 3317 3969 dimensionum,
3370 3911 3530 3979 quae
3585 3889 3705 3956 hac
3752 3891 4117 3980 aequatione

954 4087 996 4126 »
1023 4061 1388 4150 exprimitur

952 4259 994 4298 2*
1724 4238 2837 4328 aeoe†yy=aV(xoe—yy)‚

955 4435 996 4476 >›
1023 4395 1308 4500 quaeque
1355 4409 1592 4476 circum
1641 4433 1816 4477 axem
1872 4411 2022 4500 [201]
2079 4413 2411 4479 constituta
2436 4412 2703 4479 formam
2733 4411 2921 4480 refert
2947 4413 3215 4500 jacentis
3256 4425 3438 4480 notae
3474 4417 3772 4482 octonarii
3818 4432 3927 4492 ω
3954 4470 3970 4498 ,
4012 4442 4121 4484 seu

949 4609 988 4648 »
1015 4584 1418 4675 complicatae
1466 4586 1532 4651 in
1581 4584 1816 4652 nodum
1864 4586 2112 4668 fasciae,
2163 4587 2286 4654 sive
2333 4586 2649 4656 Lemnisci
2708 4589 3047 4678 (Λημνία
3074 4614 3155 4649 κο
3182 4591 3270 4679 ς),
3338 4591 3493 4658 d'un
3540 4597 3741 4660 noemi
3790 4599 3864 4662 de
3911 4597 4117 4662 raban

948 4783 990 4823 »
1019 4757 1284 4827 Gallis.''

551 4952 622 5008 et
673 4935 896 5030 paullo
939 4935 1075 5027 post
1122 4960 1262 5004 eam
1311 4948 1487 5002 vocat
1533 4937 1638 5004 ille
1687 4949 1908 5006 auctor
1955 4936 2250 5032 (Opera,
2299 4963 2443 5032 pag.
2500 4944 2663 5029 611)

956 5138 998 5176 ›>
1021 5126 1294 5232 nostram
1341 5107 2006 5182 LEMNISGATAM”
