4959 6309
1639 2402 3157 2529 INTROITUS.

1987 3096 2408 3136 &a
2417 3094 2833 3133 Ἁμ-

830 3675 1056 3742 Gurvas
1139 3678 1300 3744 inter
1394 3677 1666 3744 secundo
1743 3675 1971 3742 altioris
2044 3677 2292 3766 gradus,
2367 3678 2825 3746 Lemniscatam
2892 3677 3395 3746 Bernouillanam
3462 3677 3759 3743 excellere
3808 3676 3887 3744 ob
3936 3676 4197 3744 diversas

607 3875 757 3918 ,nec
807 3875 930 3918 non
979 3854 1380 3944 elegantiores
1427 3852 1831 3944 proprietates
1869 3853 2008 3940 jam
2055 3851 2206 3918 olim
2253 3852 2613 3920 constabat:
2667 3855 2757 3920 ita
2804 3865 2873 3919 ut
2908 3851 3019 3918 viri
3050 3851 3437 3920 celeberrimi
3468 3850 3749 3919 Jaconus
3782 3851 4192 3930 ΒειιΝουιιιῐ,

632 4027 852 4095 eones
897 4027 1212 4109 FAGNANO,
1256 4029 1366 4116 (cf.
1419 4050 1574 4119 opus
1609 4029 1767 4118 ejus,
1804 4029 1907 4094 cui
1939 4027 2154 4094 titulus
2198 3971 2695 4094 Produzzioni
2741 4025 3355 4108 mathematiche,
3409 4027 3587 4095 Tom.
3618 4027 3707 4108 11,
3758 4051 3904 4118 pag.
3938 4031 4061 4096 771
4096 4029 4193 4116 sq)

635 4203 876 4280 Euaza,
928 4202 1070 4270 Mic
1140 4201 1408 4282 Lmen«,
1483 4203 1588 4267 alii
1653 4203 1711 4270 ei
1782 4225 2032 4292 operam
2098 4201 2340 4269 darent.
2457 4201 2593 4270 Nec
2640 4203 2951 4270 minorem
2998 4201 3165 4268 hisce
3214 4201 3593 4300 temporibus
3641 4201 3873 4268 famam
3924 4215 4197 4270 assecuta

627 4348 1108 4470 esu-quamvis]
1182 4381 1556 4470 geometriae
1622 4401 1840 4470 campo
1913 4377 2066 4445 adeo
2139 4390 2410 4458 extenso,
2477 4375 3065 4468 mathematicorum
3138 4377 3412 4467 ingenia,
3480 4389 3549 4441 ut
3598 4378 3841 4466 opinor,
3890 4379 4085 4466 magis
4135 4379 4195 4444 in

629 4555 862 4622 limites
924 4553 1290 4632 dilatandoS,
1359 4554 1566 4620 minus
1637 4555 1702 4618 in
1751 4553 2044 4644 speciales
2093 4553 2533 4643 applicationes
2581 4555 2822 4620 intensa
2870 4553 3015 4618 sint.
3116 4552 3543 4620 Lcmniscatae
3586 4553 4062 4620 Bernouillanae
4096 4579 4196 4620 ar-

635 4751 832 4796 cuum
881 4729 1094 4796 divisio
1144 4753 1214 4796 ac
1279 4729 1714 4820 multiplicatio
1781 4729 1952 4795 enim
2021 4749 2145 4794 non
2197 4739 2442 4794 tantum
2493 4749 2637 4794 cum
2684 4727 3081 4816 integralium
3134 4727 3543 4817 singularium
3591 4739 3661 4792 ut
3708 4738 3770 4794 et
3821 4751 3967 4794 cum
4014 4729 4195 4794 func-

627 4909 878 4971 tionum
925 4904 1160 4972 theoria
1210 4927 1436 4972 nexum
1483 4903 1698 4984 habet,
1751 4925 1874 4994 quo
1931 4903 2322 4969 illustrissimi
2370 4901 2579 4980 me,
2630 4901 2999 4982 Lrouvirrn,
3054 4903 3284 4969 caeteri
3333 4902 3411 4968 ad
3458 4901 3645 4992 hujus
3691 4903 3919 4970 limites
3967 4926 4195 4990 expan-
4258 4903 4268 4913 “

609 5081 874 5148 -dendos
939 5082 1030 5146 usi
1079 5094 1242 5160 sunt,
1310 5081 1414 5148 sed
1483 5082 1672 5146 etiam
1737 5077 1923 5168 hujus
1973 5101 2194 5148 curvae
2253 5078 2639 5160 rectificatiO,
2692 5102 2839 5147 cum
2891 5076 3125 5146 theoria
3174 5079 3525 5168 gravissima
3574 5079 3967 5148 functionum
4016 5079 4194 5172 ellip-

3804 5271 3831 5332 1
