4959 6309
1669 1402 2931 1538 =-3‘”1²‘'‘²J¹²,-’L1.(25...22)

1899 1521 2357 1606 53112-2'12
2437 1503 2565 1604 '‘Ti-
2872 1498 2892 1536 ¹
2950 1499 2968 1529 '

511 1640 730 1706 eadem
769 1659 842 1704 ac
892 1636 1181 1726 aequatio
1232 1635 1393 1726 (15).

709 1760 820 1828 54.
919 1753 1287 1824 SOLUTIO
1339 1759 1406 1822 7.
1479 1755 1652 1842 Quae
1706 1757 1988 1847 sequitur
2031 1781 2104 1824 ex
2151 1756 2584 1860 Lemniscatae
2632 1756 3043 1849 generationis
3090 1753 3303 1834 modo,
3354 1753 3531 1842 cujus
3576 1751 3641 1817 in
3694 1747 4059 1818 Theore·

512 1890 732 1945 mate
780 1875 958 1944 XCII
1003 1876 1242 1943 mentio
1290 1876 1386 1956 fit,
1438 1887 1500 1943 et
1548 1877 1659 1966 qui
1704 1877 2090 1944 occasionem
2137 1878 2269 1959 dat,
2319 1877 2428 1965 (cf.
2486 1878 2847 1946 Gannssnr's
2895 1875 3196 1957 ArchiV,
3248 1873 3427 1944 Tom.
3471 1871 3651 1953 vm,
3679 1894 3823 1963 pag.
3854 1872 3967 1959 50)
3996 1872 4061 1935 in

517 1999 976 2066 Lemniscatam
1021 1996 1374 2088 applicandi
1419 1993 1813 2079 methodum,
1863 2021 1898 2063 a
1947 1996 2348 2065 celeberrimo
2395 1998 2771 2088 geometrico
2838 1998 3008 2066 Anu
3070 1994 3357 2062 Tamsou
3422 1991 3625 2084 Anno]
3684 1994 3860 2058 1844
3914 2011 4060 2082 pro-

515 2121 780 2210 positam
846 2130 910 2184 et
977 2141 1012 2184 a
1061 2117 1210 2184 clar.
1314 2114 1646 2184 STRGMANN
1694 2117 1760 2184 in
1811 2117 2172 2186 Gnunssn‘r's
2219 2115 2524 2199 ArchiV,
2578 2115 2771 2186 Tomo
2819 2117 2967 2198 VII,
3018 2141 3164 2209 pag.
3223 2119 3335 2198 48,
3385 2114 3829 2182 collustratam.
3906 2109 4060 2176 Inde

516 2241 798 2332 sequitur

519 2485 968 2572 THEOREM
1019 2483 1156 2568 XV·
1221 2507 1272 2572 E
1318 2503 1762 2572 Lemniscatae
1807 2503 1968 2572 focis
2016 2526 2172 2573 cum
2202 2504 2386 2572 radio
2421 2509 2465 2594 {-
2498 2505 2813 2596 aaequali
2830 2506 2998 2573 duos
3020 2485 3300 2570 circulos
3346 2499 3570 2580 ducas,
3600 2495 4006 2583 tertiumque
4031 2517 4067 2560 e

891 2666 1147 2743 puncto
1195 2651 1354 2719 dato
1401 2671 1558 2719 cum
1605 2650 1814 2734 radio,
1865 2648 2343 2721 excentricitati
2394 2651 2675 2744 aequali,
2726 2653 2918 2742 cujus
2966 2672 3125 2719 cum
3170 2645 3435 2715 duobus
3482 2642 3816 2738 prioribus
3860 2641 4065 2708 inter-

893 2799 1212 2869 sectiones
1259 2798 1423 2883 illas,
1470 2804 1600 2887 R„
1641 2803 1768 2892 R„
1819 2821 1992 2891 quae
2050 2822 2206 2869 cum
2255 2814 2513 2892 puncto
2561 2799 2718 2868 dato
2766 2799 2837 2866 in
2885 2813 3065 2867 recta
3111 2796 3275 2865 sitae
3323 2807 3500 2902 sunt,
3549 2815 3706 2860 cum
3752 2794 3922 2870 foco,
3984 2788 4067 2853 ad

895 2970 1094 3037 quem
1140 2946 1501 3040 pertinent,
1542 2947 1811 3038 jungas,
1861 2947 2104 3016 harum
2152 2946 2478 3015 linearum
2526 2945 3059 3016 intersectionem
3106 2949 3200 3033 R,
3257 2967 3415 3012 cum
3460 2953 3716 3034 puncto
3750 2939 3909 3008 dato
3934 2937 4069 3004 col-

895 3095 1096 3188 liges}
1140 3109 1302 3166 tunc
1351 3095 1720 3165 normalem
1768 3095 2229 3165 construxeris.
2287 3093 2441 3184 (vid.
2494 3094 2628 3187 Fig.
2685 3095 2799 3184 7.).

705 3316 812 3380 325.
913 3308 1004 3378 Ex
1048 3308 1239 3399 hujus
1286 3306 1686 3401 problematis
1734 3331 1760 3373 s
1780 3332 1816 3373 o
1838 3306 1862 3372 l
1885 3307 2334 3375 utionibus
2381 3306 2565 3375 tertia
2612 3318 2676 3375 et
2725 3306 2944 3398 quinta
2990 3304 3221 3373 haecce
3268 3301 3593 3391 profluunt
3642 3298 4049 3368 Theoremata

527 3528 978 3615 THEOREMA
1027 3526 1192 3610 XVI·
1286 3550 1619 3617 Punctum
1690 3548 2134 3617 Lemniscatae
2203 3547 2483 3640 quodvis
2542 3549 2595 3616 si
2640 3550 2888 3640 jungas
2949 3570 3106 3617 cum
3135 3545 3419 3614 ‘duobus
3464 3541 3643 3626 fociS,
3694 3514 3763 3610 et
3807 3540 3878 3608 in
3924 3538 4072 3607 illos

892 3693 1108 3763 radios
1157 3709 1449 3765 vectores
1499 3718 1534 3763 e
1580 3694 1740 3764 focis
1785 3696 2264 3790 perpendicula
2313 3697 2545 3789 erigas,
2596 3711 2898 3788 tangens,
2948 3695 3104 3763 inde
3151 3718 3187 3762 a
3235 3706 3491 3786 puncto
3539 3692 3699 3761 dato
3748 3710 3961 3778 usque
3986 3688 4071 3753 ad

891 3856 1248 3933 utramque
1281 3843 1814 3913 intersectionem
1863 3864 2019 3912 cum
2067 3842 2250 3911 hisce
2296 3844 2809 3936 perpendiculis,
2860 3842 3139 3913 eandem
3188 3842 3395 3911 habet
3443 3838 3955 3932 longitudinem,
4006 3850 4074 3901 et

891 3991 1162 4081 quidem
1229 4006 1466 4083 quarta
1511 3992 2026 4086 proportionalis
2077 4007 2174 4060 est
2222 3992 2309 4061 ad
2354 3992 2749 4076 ordinatam,
2802 3992 3059 4061 radium
3109 4004 3441 4060 vectorem
3490 4012 3526 4058 e
3576 4003 3803 4058 centro
3853 3987 4073 4056 diver-

885 4151 1156 4229 gentem
1203 4153 1271 4207 et
1317 4138 1900 4209 excentricitatem.
1955 4140 2064 4229 (cf.
2115 4129 2304 4209 form.
2359 4140 2555 4231 (39)).
2628 4192 2643 4203 ,

529 4354 976 4441 ΤΗΕθΒΕΜ
1032 4356 1234 4443 XVII·
1329 4382 1683 4462 Punctum,
1751 4379 1867 4448 uhi
1916 4381 2053 4448 duo
2103 4379 2215 4447 illa
2260 4379 2740 4473 perpendicula
2791 4396 3226 4461 concurrunt,
3282 4378 3631 4447 abscissam
3679 4378 3906 4459 habet,
3958 4378 4075 4444 ab·

885 4521 1118 4592 scissae
1161 4527 1398 4617 puncti
1447 4526 1586 4596 dati
1636 4526 1997 4618 aequalem,
2033 4527 2341 4620 negativo
2372 4550 2528 4597 vero
2560 4527 2748 4620 signo
2788 4528 3193 4621 praeditam:
3238 4527 3541 4596 ordinata
3572 4539 3804 4595 contra
3832 4537 4072 4616 quarta

889 4672 1398 4765 proportionalis
1462 4690 1562 4744 est
1623 4676 1710 4744 ad
1769 4676 2009 4769 puncti
2073 4675 2217 4746 dati
2262 4676 2635 4746 ordinatam
2684 4690 2753 4746 et
2794 4692 3039 4769 partes,
3089 4676 3157 4746 in
3207 4652 3369 4769 quas
3416 4680 3715 4747 focorum
3765 4674 4071 4745 distantia

885 4817 969 4887 ab
1017 4820 1358 4891 ordinatae
1405 4820 1682 4893 ulterius
1730 4825 1906 4916 pede
1952 4824 2293 4896 dividitur.
2349 4826 2455 4915 (cf.
2506 4829 2701 4895 form.
2752 4828 2948 4915 (40)).

531 5034 980 5123 Tfflfflssffl
1037 5037 1265 5127 lell.
1359 5061 1675 5146 Circulus,
1747 5065 1863 5155 qui
1925 5088 2046 5157 per
2110 5080 2442 5159 punctum
2510 5066 2745 5135 datum
2811 5068 3113 5159 duosque
3184 5072 3360 5137 focos
3432 5068 3685 5151 transit,
3749 5068 3820 5134 in
3868 5068 4073 5135 altera

889 5206 1296 5277 extremitate
1340 5210 1665 5294 diametri,
1717 5234 1753 5280 e
1799 5227 2054 5304 puncto
2104 5213 2260 5285 dato
2310 5213 2521 5296 ducti,
2571 5216 2815 5284 horum
2865 5214 3495 5308 perpendiculorum
3544 5214 4071 5284 intersectionem
