4959 6309
1094 858 1246 923 150.
1348 850 1945 923 CONSTRUOTIO
1980 852 2093 923 lx.
2148 852 2469 921 Profluens
2497 878 2569 923 ex
2614 856 2799 923 form.
2823 854 2980 946 (G‘).
3009 850 3214 945 Supra
3245 853 3570 919 semi-axin
3601 852 4092 921 semi-circulum
4123 866 4463 931 construas,

910 1003 943 1042 e
993 976 1172 1065 cujus
1244 998 1387 1043 cum
1456 998 1833 1069 quocunque
1896 974 2068 1042 radio
2139 986 2383 1043 vectore
2429 1001 2466 1041 r
2514 976 2950 1044 intersectione
3019 972 3542 1067 perpendiculum
3617 974 3682 1039 in
3746 974 3886 1039 axin
3933 972 4248 1053 demittas,
4301 974 4462 1064 quod

909 1096 1169 1187 aequale
1218 1097 1334 1161 erit

2786 1308 3012 1370 2221,-

2210 1248 2374 1309 νγ
2404 1235 2508 1315 (aa
2541 1234 2764 1319 --r²)

2306 1385 2315 1391 ·
2457 1374 2500 1415 a

912 1510 1035 1577 quo
1098 1487 1288 1578 igitur
1349 1488 1415 1553 in
1488 1499 1847 1577 tangentem
1898 1487 2239 1555 centralem
2286 1488 2678 1579 transposito,
2746 1488 2947 1555 lineae
2985 1511 3057 1555 ex
3103 1488 3488 1555 extremitate
3537 1488 3637 1554 axi
3681 1486 4014 1577 parallelae
4063 1488 4286 1554 ductae
4321 1510 4464 1553 cum

912 1607 1080 1674 radio
1128 1620 1375 1675 vectore
1408 1632 1443 1675 r
1491 1608 1843 1675 intersectio
1891 1608 2007 1675 erit
2054 1620 2358 1697 punctum
2408 1608 2864 1677 Lemniscatae.
2920 1607 3067 1696 (vid.
3117 1608 3259 1698 Fig.
3319 1612 3458 1696 10).

1092 1799 1245 1861 151.
1347 1790 1944 1860 CONSTRUOTIO
1995 1792 2075 1861 X.
2154 1792 2325 1878 Quae
2374 1816 2447 1859 ex
2495 1793 2934 1883 aequationum
2991 1790 3124 1883 (11‘)
3169 1791 3370 1882 prima
3419 1815 3483 1857 se
3530 1791 3817 1858 devolvit.
3887 1789 3956 1857 Si
4003 1816 4040 1858 e
4073 1804 4289 1859 centro
4325 1814 4462 1858 cum

911 1914 1080 1981 radio
1129 1915 1341 2005 quovis
1388 1938 1424 1981 r
1472 1914 1777 1981 circulum
1828 1914 2036 1996 ducas,
2085 1913 2273 2003 hujus
2321 1937 2467 1980 eum
2516 1911 2988 2006 perpendiculo,
3037 1936 3074 1979 e
3121 1923 3336 1979 centro
3377 1912 3442 1978 in
3477 1912 3616 1978 axin
3642 1922 3872 1992 erecto,
3911 1912 4359 1979 intersectionis
4392 1912 4466 1978 ad

912 2037 1207 2102 verticem
1256 2035 1545 2101 distantia
1592 2034 1709 2102 erit
1762 2050 1861 2111 [f
1916 2034 2017 2119 (α2
2057 2039 2134 2120 -Ι-
2166 2036 2301 2123 r²).
2401 2032 2469 2100 Si
2537 2035 2726 2125 igitur
2773 2033 2847 2099 ad
2901 2037 3002 2100 23
3037 2082 3054 2114 ,
3083 2056 3117 2098 r
3163 2044 3228 2101 et
3279 2048 3382 2109 ιβ
3412 2038 3512 2119 (α’
3549 2038 3632 2119 -Ι-
3663 2034 3774 2120 r²)
3827 2046 4113 2123 quartam
4149 2046 4463 2101 construas

914 2156 1461 2249 proportionalem,
1510 2154 1668 2222 haec
1702 2155 1819 2222 erit
1864 2179 1911 2221 a:
1957 2155 2462 2241 correspondens,
2513 2178 2778 2245 eamque
2827 2154 2906 2220 ab
2953 2164 3222 2245 utraque
3265 2165 3444 2246 parte
3489 2153 3638 2221 iude
3685 2178 3722 2221 a
3770 2166 3985 2221 centro
4033 2155 4099 2221 in
4149 2156 4287 2221 axin
4338 2156 4466 2222 col-

914 2280 1100 2373 loceS,
1152 2290 1215 2347 et
1260 2301 1373 2369 per
1419 2277 1834 2343 extremitates
1880 2276 2325 2368 perpendicula
2372 2276 2589 2356 ducaS,
2637 2298 2904 2363 quorum
2955 2297 3102 2343 cum
3149 2274 3383 2342 circulo
3431 2286 3774 2343 memorato
3811 2276 4274 2345 intersectiones
4313 2298 4464 2366 qua-

912 2414 1053 2466 tuor
1098 2411 1281 2467 erunt
1329 2397 1757 2464 Lemniseatae
1804 2408 2061 2483 puncta.

1094 2588 1248 2651 152.
1350 2580 1948 2650 CONSTRUGTIO
1999 2580 2111 2647 XI.
2214 2580 2304 2647 Ex
2350 2580 2756 2646 formularum
2811 2578 2942 2671 (Η)
2995 2580 3286 2661 secunda,
3339 2580 3556 2648 eadem
3605 2580 3901 2649 methodo
3951 2582 4264 2647 invenitur

2216 2742 2884 2851 =r1f(a²--r²)

2555 2866 2656 2931 20
2947 2851 2958 2866 ⁸

1096 3016 1249 3078 155.
1352 3006 1954 3078 CONSTRUCTIO
2006 3007 2149 3077 XII.
2204 3008 2293 3074 Ex
2343 3006 2878 3079 Theoremate
2927 3010 3078 3079 XIX
3123 3012 3340 3103 petita.

1089 3132 1367 3201 Circulos
1432 3130 1763 3212 describaS,
1832 3152 2099 3221 quorum
2158 3141 2371 3197 centra
2433 3131 2500 3209 in
2563 3130 3012 3224 perpendiculo
3071 3130 3124 3200 0
3152 3131 3234 3214 Χ,
3285 3157 3322 3200 e
3362 3143 3574 3200 centro
3609 3132 3672 3199 in
3713 3130 3868 3200 axiu'
3893 3144 4123 3211 erecto,
4175 3130 4289 3197 sita
4325 3130 4470 3208 sint,

917 3279 1027 3341 per
1074 3253 1241 3320 focos
1288 3264 1717 3334 transeuntes3
1770 3251 2014 3317 radium
2065 3249 2141 3316 ad
2192 3251 2401 3318 focum
2450 3251 2666 3333 ducaS,
2719 3253 2783 3320 in
2833 3277 3021 3344 quem
3071 3277 3106 3319 e
3155 3266 3369 3321 centro
3416 3253 3930 3348 perpendiculum
3967 3249 4266 3331 dimittas,
4309 3251 4478 3341 quod

917 3377 980 3441 in
1030 3374 1137 3440 illo
1184 3374 1355 3440 radio
1403 3373 1548 3438 inde
1598 3397 1633 3437 a
1681 3372 1819 3438 foco
1866 3382 2109 3462 partem
2158 3369 2534 3438 determinat
2585 3377 2624 3438 2
2653 3397 2694 3461 y
2741 3373 3092 3464 aequalem,
3121 3376 3299 3464 cujus
3324 3373 3514 3466 igitur
3535 3372 3793 3441 dimidio
3819 3374 3884 3440 in
3919 3370 3974 3441 Ο
4001 3373 4059 3439 Χ
4099 3373 4177 3440 ab
4215 3385 4478 3462 utraque

915 3507 1089 3581 parte
1163 3495 1361 3562 centri
1428 3516 1649 3560 curvae
1715 3491 2041 3572 collocato,
2110 3517 2183 3560 ex
2242 3493 2733 3560 extremitatibus
2799 3495 2898 3560 axi
2957 3494 3282 3586 parallelas
3354 3493 3568 3576 duca3‚
3619 3518 3886 3585 quarum
3934 3517 4080 3561 cum
4129 3493 4391 3574 circulo,
4439 3518 4478 3558 e

917 3626 1131 3683 centro
1200 3637 1427 3682 curvae
1485 3636 1630 3679 cum
1689 3613 1860 3678 radio
1917 3613 2081 3678 illius
2139 3612 2354 3678 circuli
2402 3613 2594 3703 primi
2651 3613 2896 3704 aequali
2963 3614 3175 3696 ducto,
3225 3615 3688 3682 intersectiones
3735 3627 4002 3704 quatuor
4051 3613 4480 3680 Lemniscatae

916 3747 1149 3828 puncta
1188 3735 1446 3802 dabunt.
1484 3733 1633 3822 (vid.
1688 3733 1825 3824 Fig.
1884 3733 1979 3824 4).
4341 3723 4346 3730 ’

2130 2819 2172 2882 21

1099 3924 1253 3988 154.
1355 3915 1954 3986 CONs‘rnucrro
2006 3915 2185 3982 xm.
2262 3871 2433 4003 Quae
2482 3943 2517 3984 e
2569 3915 3122 3985 Theoremate
3173 3917 3319 3984 ΧΠ
3365 3919 3666 4009 sequitur.

1094 4041 1171 4108 In
1236 4039 1633 4130 tangentibus
1700 4037 2077 4105 centralibus
2140 4037 2287 4105 inde
2352 4061 2385 4104 a
2452 4050 2670 4106 centro
2717 4050 2922 4129 partes
2970 4062 3199 4120 sumaS,
3252 4063 3520 4130 quarum
3566 4041 3963 4132 rectangulus
4016 4044 4053 4105 4
4079 4043 4150 4107 e²
4207 4041 4486 4128 aequalis

918 4176 1045 4245 cst3
1115 4164 1166 4229 si
1222 4163 1286 4228 in
1334 4161 1601 4240 lineam,
1651 4158 1874 4224 harum
1922 4149 2193 4248 pallium
2243 4159 2660 4226 extremitates
2709 4160 3222 4249 conjungentem,
3273 4185 3308 4226 c
3359 4173 3574 4228 centro
3617 4160 4137 4254 perpendiculum
4185 4161 4486 4239 dimittas,

915 4286 1101 4374 hujus
1148 4307 1255 4375 pes
1302 4283 1419 4350 erit
1467 4292 1770 4366 punctum
1822 4279 2197 4369 quaesitum.
2254 4279 2364 4366 (cs.
2418 4279 2479 4344 N
2493 4280 2730 4346 ieuwe
2777 4279 3017 4348 Wisk.
3091 4281 3404 4350 Voorst.
3457 4306 3607 4350 ran
3657 4285 3797 4348 Een
3827 4287 4283 4361 onverttzoeide,
4319 4305 4488 4359 eus„

920 4406 1113 4473 Temo
1162 4404 1247 4485 II,
1298 4427 1442 4494 pag.
1500 4405 1657 4467 516.
1714 4399 1864 4488 (vid.
1918 4399 2056 4490 Fig.
2112 4401 2233 4488 2.).

1101 4593 1255 4654 135.
1357 4582 1953 4654 CONSTRUCTIO
2006 4583 2173 4652 XIV.
2273 4584 2361 4648 Ex
2412 4583 2950 4653 Theoremate
3001 4584 3264 4668 LXXII,
3316 4588 3500 4656 form.
3557 4587 3775 4675 (165),
3826 4586 4116 4654 deducta.

1112 4707 1176 4774 Si
1242 4732 1354 4800 pro
1404 4729 1655 4796 quoque
1721 4705 1809 4785 R,
1860 4704 2031 4770 radio
2082 4716 2323 4771 vectore
2372 4704 2767 4796 Hyperbolae
2815 4709 3259 4799 aequilaterae,
3308 4732 3342 4774 r
3393 4720 3710 4776 construas
3757 4709 4005 4776 tertiam
4056 4710 4496 4800 proportiona-

922 4834 1046 4898 lem
1096 4829 1175 4896 ad
1222 4834 1281 4895 R
1329 4841 1391 4894 ct
1438 4851 1502 4908 a,
1550 4826 1717 4892 hanc
1764 4827 1827 4890 in
1879 4830 1937 4890 R
1984 4825 2131 4892 inde
2180 4849 2214 4890 a
2266 4837 2479 4892 centro
2529 4826 2968 4910 abscindendo,
3019 4829 3369 4895 extremitas
3417 4829 3534 4896 erit
3581 4827 4013 4896 Lemniscatae
4059 4839 4390 4920 punctum.

1119 5017 1274 5081 136.
1329 5005 1925 5078 CONSTRUGTIO
1977 5009 2116 5075 XV.
2204 5009 2572 5076 Faciliorem
2621 5034 2764 5078 vero
2813 5035 2877 5079 se
2924 5013 3182 5104 profert,
3233 5013 3578 5109 secundum
3628 5012 4084 5080 Theorema
4132 5010 4374 5080 LXXII
4397 4979 4523 5079 rel*

926 5133 1280 5215 LXXVIII,
1346 5155 1417 5199 ex
1487 5131 1580 5212 iis,
1652 5153 1810 5220 quae
1886 5131 1977 5196 vir
2038 5129 2187 5196 clar.
2260 5129 2337 5196 G.
2389 5129 2454 5199 J.
2508 5129 2797 5215 Vanum,
2865 5133 2930 5198 in
2997 5156 3183 5220 opere
3259 5131 3881 5225 Opmerkingen
3946 5156 4152 5200 over
4198 5133 4511 5202 zekere

925 5268 1148 5324 soort
1185 5277 1333 5322 van
1382 5254 1751 5319 kromme
1797 5251 2082 5339 lijncn.
2134 5262 2286 5328 etc.‚
2342 5249 2494 5341 Apr.
2556 5255 2781 5335 1845„
2831 5277 2958 5344 pag
3007 5257 3120 5335 88,
3173 5256 3468 5346 exposuit.
