<?xml version="1.0" encoding="UTF-8"?>
<!DOCTYPE html PUBLIC "-//W3C//DTD XHTML 1.0 Transitional//EN"
    "http://www.w3.org/TR/xhtml1/DTD/xhtml1-transitional.dtd">
<html xmlns="http://www.w3.org/1999/xhtml" xml:lang="en" lang="en">
 <head>
  <title>
</title>
<meta http-equiv="Content-Type" content="text/html;charset=utf-8" />
  <meta name='ocr-system' content='tesseract 3.04.00' />
  <meta name='ocr-capabilities' content='ocr_page ocr_carea ocr_par ocr_line ocrx_word'/>
</head>
<body>
  <div class='ocr_page' id='page_1' title='image "./dissertatiomath00haangoog_0096.png"; bbox 0 0 4959 6309; ppageno 0'>
   <div class='ocr_carea' id='block_1_1' title="bbox 2134 629 2486 704">
    <p class='ocr_par' dir='ltr' id='par_1_1' title="bbox 2134 629 2486 704">
     <span class='ocr_line' id='line_1_1' title="bbox 2136 629 2145 640; baseline 0 0"><span class='ocrx_word' id='word_1_1' title='bbox 2136 629 2145 640; x_wconf 56' lang='grc' dir='ltr'>ἱ</span> 
     </span>
     <span class='ocr_line' id='line_1_2' title="bbox 2134 631 2486 704; baseline -0.006 -1"><span class='ocrx_word' id='word_1_2' title='bbox 2134 631 2486 704; x_wconf 66' lang='lat' dir='ltr'><strong>-se---</strong></span> 
     </span>
    </p>
   </div>
   <div class='ocr_carea' id='block_1_2' title="bbox 526 868 4090 1325">
    <p class='ocr_par' dir='ltr' id='par_1_2' title="bbox 526 868 4090 1325">
     <span class='ocr_line' id='line_1_3' title="bbox 536 868 4088 962; baseline -0.001 -25"><span class='ocrx_word' id='word_1_3' title='bbox 536 871 721 938; x_wconf 84' lang='lat' dir='ltr'><strong>Hanc</strong></span> <span class='ocrx_word' id='word_1_4' title='bbox 782 871 1147 938; x_wconf 80' lang='lat' dir='ltr'><strong>relationem</strong></span> <span class='ocrx_word' id='word_1_5' title='bbox 1210 894 1378 951; x_wconf 71' lang='grc' dir='ltr'>νει-ο,</span> <span class='ocrx_word' id='word_1_6' title='bbox 1432 893 1628 962; x_wconf 90' lang='lat' dir='ltr'><strong>quum</strong></span> <span class='ocrx_word' id='word_1_7' title='bbox 1678 871 2001 938; x_wconf 84' lang='lat' dir='ltr'><strong>functione</strong></span> <span class='ocrx_word' id='word_1_8' title='bbox 2050 872 2235 937; x_wconf 90' lang='lat' dir='ltr'><strong>nimis</strong></span> <span class='ocrx_word' id='word_1_9' title='bbox 2281 871 2584 962; x_wconf 88' lang='lat' dir='ltr'><strong>implicita</strong></span> <span class='ocrx_word' id='word_1_10' title='bbox 2632 870 3029 961; x_wconf 76' lang='lat' dir='ltr'><strong>exprimatur,</strong></span> <span class='ocrx_word' id='word_1_11' title='bbox 3077 889 3268 960; x_wconf 89' lang='lat' dir='ltr'><strong>quam</strong></span> <span class='ocrx_word' id='word_1_12' title='bbox 3319 868 3402 934; x_wconf 81' lang='lat' dir='ltr'><strong>ad</strong></span> <span class='ocrx_word' id='word_1_13' title='bbox 3441 869 3704 935; x_wconf 85' lang='lat' dir='ltr'><strong>formam</strong></span> <span class='ocrx_word' id='word_1_14' title='bbox 3753 868 4088 960; x_wconf 86' lang='lat' dir='ltr'><strong>simplicio-</strong></span> 
     </span>
     <span class='ocr_line' id='line_1_4' title="bbox 534 987 4088 1083; baseline -0.001 -27"><span class='ocrx_word' id='word_1_15' title='bbox 534 1014 695 1072; x_wconf 87' lang='lat' dir='ltr'><strong>rem,</strong></span> <span class='ocrx_word' id='word_1_16' title='bbox 746 1015 781 1057; x_wconf 90' lang='lat' dir='ltr'><strong>e</strong></span> <span class='ocrx_word' id='word_1_17' title='bbox 830 1015 953 1082; x_wconf 85' lang='lat' dir='ltr'><strong>qna</strong></span> <span class='ocrx_word' id='word_1_18' title='bbox 1024 991 1335 1058; x_wconf 80' lang='lat' dir='ltr'><strong>relationis</strong></span> <span class='ocrx_word' id='word_1_19' title='bbox 1400 991 1708 1083; x_wconf 89' lang='lat' dir='ltr'><strong>postulata</strong></span> <span class='ocrx_word' id='word_1_20' title='bbox 1776 992 1841 1056; x_wconf 94' lang='lat' dir='ltr'><strong>in</strong></span> <span class='ocrx_word' id='word_1_21' title='bbox 1914 992 2113 1082; x_wconf 83' lang='lat' dir='ltr'><strong>figura</strong></span> <span class='ocrx_word' id='word_1_22' title='bbox 2183 993 2514 1082; x_wconf 87' lang='lat' dir='ltr'><strong>conspicua</strong></span> <span class='ocrx_word' id='word_1_23' title='bbox 2563 990 2736 1058; x_wconf 86' lang='lat' dir='ltr'><strong>reddi</strong></span> <span class='ocrx_word' id='word_1_24' title='bbox 2782 990 3035 1081; x_wconf 89' lang='lat' dir='ltr'><strong>possint,</strong></span> <span class='ocrx_word' id='word_1_25' title='bbox 3083 989 3380 1056; x_wconf 86' lang='lat' dir='ltr'><strong>reducere</strong></span> <span class='ocrx_word' id='word_1_26' title='bbox 3427 987 3582 1054; x_wconf 89' lang='lat' dir='ltr'><strong>mihi</strong></span> <span class='ocrx_word' id='word_1_27' title='bbox 3629 1013 3756 1056; x_wconf 91' lang='lat' dir='ltr'><strong>non</strong></span> <span class='ocrx_word' id='word_1_28' title='bbox 3805 990 4088 1080; x_wconf 77' lang='lat' dir='ltr'><strong>contigit,</strong></span> 
     </span>
     <span class='ocr_line' id='line_1_5' title="bbox 530 1105 4090 1203; baseline 0 -27"><span class='ocrx_word' id='word_1_29' title='bbox 530 1109 641 1178; x_wconf 75' lang='lat' dir='ltr'><strong>hic</strong></span> <span class='ocrx_word' id='word_1_30' title='bbox 714 1134 841 1177; x_wconf 90' lang='lat' dir='ltr'><strong>non</strong></span> <span class='ocrx_word' id='word_1_31' title='bbox 908 1111 1179 1179; x_wconf 85' lang='lat' dir='ltr'><strong>tradam.</strong></span> <span class='ocrx_word' id='word_1_32' title='bbox 1278 1109 1697 1202; x_wconf 80' lang='lat' dir='ltr'><strong>Caeteroquin</strong></span> <span class='ocrx_word' id='word_1_33' title='bbox 1769 1113 1863 1178; x_wconf 80' lang='lat' dir='ltr'><strong>rix</strong></span> <span class='ocrx_word' id='word_1_34' title='bbox 1926 1135 2183 1179; x_wconf 83' lang='lat' dir='ltr'><strong>monere</strong></span> <span class='ocrx_word' id='word_1_35' title='bbox 2251 1133 2411 1203; x_wconf 85' lang='lat' dir='ltr'><strong>opus</strong></span> <span class='ocrx_word' id='word_1_36' title='bbox 2470 1124 2586 1192; x_wconf 89' lang='lat' dir='ltr'><strong>est,</strong></span> <span class='ocrx_word' id='word_1_37' title='bbox 2651 1109 2982 1176; x_wconf 83' lang='lat' dir='ltr'><strong>formulam</strong></span> <span class='ocrx_word' id='word_1_38' title='bbox 3054 1110 3242 1197; x_wconf 81' lang='lat'>(179)</span> <span class='ocrx_word' id='word_1_39' title='bbox 3311 1105 3896 1177; x_wconf 70' lang='lat' dir='ltr'><strong>demonstrationem</strong></span> <span class='ocrx_word' id='word_1_40' title='bbox 3961 1129 4090 1176; x_wconf 74' lang='lat' dir='ltr'><strong>esse</strong></span> 
     </span>
     <span class='ocr_line' id='line_1_6' title="bbox 526 1230 3008 1325; baseline 0 -30"><span class='ocrx_word' id='word_1_41' title='bbox 526 1231 1029 1300; x_wconf 79' lang='lat' dir='ltr'><strong>theorematis</strong></span> <span class='ocrx_word' id='word_1_42' title='bbox 1076 1232 1396 1325; x_wconf 82' lang='lat' dir='ltr'><strong>propositi,</strong></span> <span class='ocrx_word' id='word_1_43' title='bbox 1450 1232 1596 1323; x_wconf 87' lang='lat' dir='ltr'><strong>quia</strong></span> <span class='ocrx_word' id='word_1_44' title='bbox 1634 1242 1889 1298; x_wconf 87' lang='lat' dir='ltr'><strong>-tantum</strong></span> <span class='ocrx_word' id='word_1_45' title='bbox 1938 1232 2131 1298; x_wconf 89' lang='lat' dir='ltr'><strong>lineas</strong></span> <span class='ocrx_word' id='word_1_46' title='bbox 2178 1231 2658 1323; x_wconf 79' lang='lat' dir='ltr'><strong>goniometrieas</strong></span> <span class='ocrx_word' id='word_1_47' title='bbox 2704 1230 3008 1298; x_wconf 88' lang='lat' dir='ltr'><strong>continet.</strong></span> 
     </span>
    </p>
   </div>
   <div class='ocr_carea' id='block_1_3' title="bbox 731 1440 2857 1534">
    <p class='ocr_par' dir='ltr' id='par_1_3' title="bbox 731 1440 2857 1534">
     <span class='ocr_line' id='line_1_7' title="bbox 731 1440 2857 1534; baseline -0 -26"><span class='ocrx_word' id='word_1_48' title='bbox 731 1447 881 1510; x_wconf 85' lang='lat'>108.</span> <span class='ocrx_word' id='word_1_49' title='bbox 984 1443 1072 1509; x_wconf 84' lang='lat' dir='ltr'><strong>Ex</strong></span> <span class='ocrx_word' id='word_1_50' title='bbox 1124 1465 1245 1534; x_wconf 90' lang='lat' dir='ltr'><strong>quo</strong></span> <span class='ocrx_word' id='word_1_51' title='bbox 1297 1441 1783 1510; x_wconf 86' lang='lat' dir='ltr'><strong>Theoremate</strong></span> <span class='ocrx_word' id='word_1_52' title='bbox 1834 1440 2120 1509; x_wconf 64' lang='lat' dir='ltr'><strong>Cuastsss</strong></span> <span class='ocrx_word' id='word_1_53' title='bbox 2168 1443 2490 1532; x_wconf 89' lang='lat' dir='ltr'><strong>sequentia</strong></span> <span class='ocrx_word' id='word_1_54' title='bbox 2539 1441 2788 1509; x_wconf 88' lang='lat' dir='ltr'><strong>deducit</strong></span> <span class='ocrx_word' id='word_1_55' title='bbox 2846 1495 2857 1507; x_wconf 93' lang='lat'><strong>.</strong></span> 
     </span>
    </p>
   </div>
   <div class='ocr_carea' id='block_1_4' title="bbox 528 1713 4088 1822">
    <p class='ocr_par' dir='ltr' id='par_1_4' title="bbox 528 1713 4088 1822">
     <span class='ocr_line' id='line_1_8' title="bbox 528 1713 4088 1822; baseline -0.001 -21"><span class='ocrx_word' id='word_1_56' title='bbox 528 1715 988 1804; x_wconf 74' lang='lat' dir='ltr'>THEOREM</span> <span class='ocrx_word' id='word_1_57' title='bbox 1032 1713 1339 1802; x_wconf 59' lang='lat' dir='ltr'>LXXXII·</span> <span class='ocrx_word' id='word_1_58' title='bbox 1434 1731 1501 1800; x_wconf 90' lang='lat' dir='ltr'><strong>si</strong></span> <span class='ocrx_word' id='word_1_59' title='bbox 1564 1732 1696 1801; x_wconf 89' lang='lat' dir='ltr'><strong>duo</strong></span> <span class='ocrx_word' id='word_1_60' title='bbox 1764 1731 2211 1799; x_wconf 82' lang='lat' dir='ltr'><strong>Lemniseatac</strong></span> <span class='ocrx_word' id='word_1_61' title='bbox 2275 1754 2469 1799; x_wconf 87' lang='lat' dir='ltr'><strong>arcus</strong></span> <span class='ocrx_word' id='word_1_62' title='bbox 2530 1731 2840 1821; x_wconf 73' lang='lat' dir='ltr'><strong>aequales</strong></span> <span class='ocrx_word' id='word_1_63' title='bbox 2907 1745 3083 1811; x_wconf 85' lang='lat' dir='ltr'><strong>suut,</strong></span> <span class='ocrx_word' id='word_1_64' title='bbox 3151 1731 3628 1822; x_wconf 84' lang='lat' dir='ltr'><strong>perpendicula</strong></span> <span class='ocrx_word' id='word_1_65' title='bbox 3686 1754 3762 1798; x_wconf 82' lang='lat' dir='ltr'><strong>cx</strong></span> <span class='ocrx_word' id='word_1_66' title='bbox 3810 1754 4088 1800; x_wconf 84' lang='lat' dir='ltr'><strong>arcuum</strong></span> 
     </span>
    </p>
   </div>
   <div class='ocr_carea' id='block_1_5' title="bbox 906 1878 4086 1970">
    <p class='ocr_par' dir='ltr' id='par_1_5' title="bbox 906 1878 4086 1970">
     <span class='ocr_line' id='line_1_9' title="bbox 906 1878 4086 1970; baseline -0 -22"><span class='ocrx_word' id='word_1_67' title='bbox 906 1879 1435 1950; x_wconf 81' lang='lat' dir='ltr'><strong>extremitatibus</strong></span> <span class='ocrx_word' id='word_1_68' title='bbox 1501 1879 1571 1947; x_wconf 89' lang='lat' dir='ltr'><strong>in</strong></span> <span class='ocrx_word' id='word_1_69' title='bbox 1637 1879 1855 1949; x_wconf 85' lang='lat' dir='ltr'><strong>radios</strong></span> <span class='ocrx_word' id='word_1_70' title='bbox 1918 1893 2213 1947; x_wconf 82' lang='lat' dir='ltr'><strong>vectores</strong></span> <span class='ocrx_word' id='word_1_71' title='bbox 2282 1879 2875 1970; x_wconf 77' lang='lat' dir='ltr'><strong>correspondentes</strong></span> <span class='ocrx_word' id='word_1_72' title='bbox 2932 1893 3148 1946; x_wconf 87' lang='lat' dir='ltr'><strong>erecta</strong></span> <span class='ocrx_word' id='word_1_73' title='bbox 3213 1878 3730 1970; x_wconf 79' lang='lat' dir='ltr'><strong>quadrilaterum</strong></span> <span class='ocrx_word' id='word_1_74' title='bbox 3777 1883 4086 1962; x_wconf 82' lang='lat' dir='ltr'><strong>formant,</strong></span> 
     </span>
    </p>
   </div>
   <div class='ocr_carea' id='block_1_6' title="bbox 909 2025 1963 2117">
    <p class='ocr_par' dir='ltr' id='par_1_6' title="bbox 909 2025 1963 2117">
     <span class='ocr_line' id='line_1_10' title="bbox 909 2025 1963 2117; baseline 0 -23"><span class='ocrx_word' id='word_1_75' title='bbox 909 2027 1018 2095; x_wconf 87' lang='lat' dir='ltr'><strong>cui</strong></span> <span class='ocrx_word' id='word_1_76' title='bbox 1066 2026 1356 2096; x_wconf 90' lang='lat' dir='ltr'><strong>circulus</strong></span> <span class='ocrx_word' id='word_1_77' title='bbox 1404 2025 1673 2094; x_wconf 86' lang='lat' dir='ltr'><strong>inscribi</strong></span> <span class='ocrx_word' id='word_1_78' title='bbox 1722 2040 1963 2117; x_wconf 88' lang='lat' dir='ltr'><strong>potest.</strong></span> 
     </span>
    </p>
   </div>
   <div class='ocr_carea' id='block_1_7' title="bbox 529 2299 4084 2706">
    <p class='ocr_par' dir='ltr' id='par_1_7' title="bbox 529 2299 4084 2706">
     <span class='ocr_line' id='line_1_11' title="bbox 529 2299 4083 2406; baseline -0.001 -17"><span class='ocrx_word' id='word_1_79' title='bbox 529 2301 987 2389; x_wconf 61' lang='lat' dir='ltr'><strong>Tlfflffllffl</strong></span> <span class='ocrx_word' id='word_1_80' title='bbox 1028 2299 1365 2384; x_wconf 77' lang='lat' dir='ltr'>LXXXIII·</span> <span class='ocrx_word' id='word_1_81' title='bbox 1460 2313 1765 2383; x_wconf 88' lang='lat' dir='ltr'><strong>Pluribus</strong></span> <span class='ocrx_word' id='word_1_82' title='bbox 1813 2315 2259 2382; x_wconf 86' lang='lat' dir='ltr'><strong>Lemniscatae</strong></span> <span class='ocrx_word' id='word_1_83' title='bbox 2306 2315 2592 2384; x_wconf 86' lang='lat' dir='ltr'><strong>arcubus</strong></span> <span class='ocrx_word' id='word_1_84' title='bbox 2641 2316 3028 2406; x_wconf 83' lang='lat' dir='ltr'><strong>aequalibus</strong></span> <span class='ocrx_word' id='word_1_85' title='bbox 3075 2316 3330 2396; x_wconf 85' lang='lat' dir='ltr'><strong>sumtis,</strong></span> <span class='ocrx_word' id='word_1_86' title='bbox 3383 2331 3454 2384; x_wconf 85' lang='lat' dir='ltr'><strong>et</strong></span> <span class='ocrx_word' id='word_1_87' title='bbox 3500 2315 3566 2383; x_wconf 87' lang='lat' dir='ltr'><strong>in</strong></span> <span class='ocrx_word' id='word_1_88' title='bbox 3617 2317 3832 2386; x_wconf 86' lang='lat' dir='ltr'><strong>radios</strong></span> <span class='ocrx_word' id='word_1_89' title='bbox 3867 2333 4083 2386; x_wconf 77' lang='lat' dir='ltr'><strong>vecto—</strong></span> 
     </span>
     <span class='ocr_line' id='line_1_12' title="bbox 902 2461 4084 2556; baseline 0 -24"><span class='ocrx_word' id='word_1_90' title='bbox 902 2487 1003 2532; x_wconf 88' lang='lat' dir='ltr'><strong>res</strong></span> <span class='ocrx_word' id='word_1_91' title='bbox 1050 2461 1345 2555; x_wconf 79' lang='lat' dir='ltr'><strong>singulos</strong></span> <span class='ocrx_word' id='word_1_92' title='bbox 1394 2462 1933 2544; x_wconf 82' lang='lat' dir='ltr'><strong>determinantes,</strong></span> <span class='ocrx_word' id='word_1_93' title='bbox 1984 2485 2021 2530; x_wconf 92' lang='lat' dir='ltr'><strong>e</strong></span> <span class='ocrx_word' id='word_1_94' title='bbox 2072 2481 2319 2530; x_wconf 80' lang='lat' dir='ltr'><strong>curvae</strong></span> <span class='ocrx_word' id='word_1_95' title='bbox 2388 2463 2684 2555; x_wconf 74' lang='lat' dir='ltr'><strong>punctiS,</strong></span> <span class='ocrx_word' id='word_1_96' title='bbox 2749 2463 3242 2556; x_wconf 81' lang='lat' dir='ltr'><strong>perpendiculis</strong></span> <span class='ocrx_word' id='word_1_97' title='bbox 3304 2463 3560 2546; x_wconf 65' lang='lat' dir='ltr'><strong>erectis,</strong></span> <span class='ocrx_word' id='word_1_98' title='bbox 3608 2464 4084 2534; x_wconf 86' lang='lat' dir='ltr'><strong>intersectionis</strong></span> 
     </span>
     <span class='ocr_line' id='line_1_13' title="bbox 672 2609 4084 2706; baseline 0.002 -26"><span class='ocrx_word' id='word_1_99' title='bbox 672 2645 705 2663; x_wconf 84' lang='lat'>-</span> <span class='ocrx_word' id='word_1_100' title='bbox 905 2613 1257 2682; x_wconf 88' lang='lat' dir='ltr'><strong>amborum</strong></span> <span class='ocrx_word' id='word_1_101' title='bbox 1340 2609 1998 2704; x_wconf 86' lang='lat' dir='ltr'><strong>perpendiculorum,</strong></span> <span class='ocrx_word' id='word_1_102' title='bbox 2068 2612 2152 2680; x_wconf 88' lang='lat' dir='ltr'><strong>ad</strong></span> <span class='ocrx_word' id='word_1_103' title='bbox 2222 2612 2508 2680; x_wconf 88' lang='lat' dir='ltr'><strong>eundem</strong></span> <span class='ocrx_word' id='word_1_104' title='bbox 2574 2635 2804 2680; x_wconf 88' lang='lat' dir='ltr'><strong>arcum</strong></span> <span class='ocrx_word' id='word_1_105' title='bbox 2850 2611 3592 2704; x_wconf 53' lang='lat' dir='ltr'><strong>pertinentium,·locus</strong></span> <span class='ocrx_word' id='word_1_106' title='bbox 3639 2615 4084 2706; x_wconf 80' lang='lat' dir='ltr'><strong>geometricus</strong></span> 
     </span>
    </p>
   </div>
   <div class='ocr_carea' id='block_1_8' title="bbox 906 2757 4075 2853">
    <p class='ocr_par' dir='ltr' id='par_1_8' title="bbox 906 2757 4075 2853">
     <span class='ocr_line' id='line_1_14' title="bbox 906 2757 4075 2853; baseline 0 -24"><span class='ocrx_word' id='word_1_107' title='bbox 906 2759 1284 2852; x_wconf 74' lang='lat' dir='ltr'><strong>Hyperbola</strong></span> <span class='ocrx_word' id='word_1_108' title='bbox 1332 2759 1479 2839; x_wconf 88' lang='lat' dir='ltr'><strong>erit,</strong></span> <span class='ocrx_word' id='word_1_109' title='bbox 1530 2782 1684 2828; x_wconf 90' lang='lat' dir='ltr'><strong>cum</strong></span> <span class='ocrx_word' id='word_1_110' title='bbox 1734 2757 2110 2852; x_wconf 78' lang='lat' dir='ltr'><strong>Hyperbola</strong></span> <span class='ocrx_word' id='word_1_111' title='bbox 2162 2759 2594 2850; x_wconf 79' lang='lat' dir='ltr'><strong>aequilatera,</strong></span> <span class='ocrx_word' id='word_1_112' title='bbox 2644 2759 3088 2828; x_wconf 86' lang='lat' dir='ltr'><strong>Lemniscatae</strong></span> <span class='ocrx_word' id='word_1_113' title='bbox 3113 2761 4075 2853; x_wconf 79' lang='lat' dir='ltr'><strong>correspondenti,confocalis.</strong></span> 
     </span>
    </p>
   </div>
   <div class='ocr_carea' id='block_1_9' title="bbox 530 3031 4077 3143">
    <p class='ocr_par' dir='ltr' id='par_1_9' title="bbox 530 3031 4077 3143">
     <span class='ocr_line' id='line_1_15' title="bbox 530 3031 4077 3143; baseline 0 -25"><span class='ocrx_word' id='word_1_114' title='bbox 530 3034 986 3123; x_wconf 68' lang='lat' dir='ltr'><strong>THEOREHA</strong></span> <span class='ocrx_word' id='word_1_115' title='bbox 1029 3031 1354 3119; x_wconf 72' lang='lat' dir='ltr'>LXXXIV·</span> <span class='ocrx_word' id='word_1_116' title='bbox 1454 3053 1503 3116; x_wconf 81' lang='lat' dir='ltr'><strong>A</strong></span> <span class='ocrx_word' id='word_1_117' title='bbox 1556 3064 1810 3140; x_wconf 89' lang='lat' dir='ltr'><strong>puncto</strong></span> <span class='ocrx_word' id='word_1_118' title='bbox 1883 3048 2113 3140; x_wconf 82' lang='lat' dir='ltr'><strong>quovis</strong></span> <span class='ocrx_word' id='word_1_119' title='bbox 2181 3047 2626 3116; x_wconf 86' lang='lat' dir='ltr'><strong>Lemniscatae</strong></span> <span class='ocrx_word' id='word_1_120' title='bbox 2713 3049 2763 3116; x_wconf 89' lang='lat' dir='ltr'><strong>si</strong></span> <span class='ocrx_word' id='word_1_121' title='bbox 2859 3050 2944 3117; x_wconf 89' lang='lat' dir='ltr'><strong>ab</strong></span> <span class='ocrx_word' id='word_1_122' title='bbox 3020 3063 3302 3141; x_wconf 89' lang='lat' dir='ltr'><strong>utraque</strong></span> <span class='ocrx_word' id='word_1_123' title='bbox 3371 3065 3563 3143; x_wconf 89' lang='lat' dir='ltr'><strong>parte</strong></span> <span class='ocrx_word' id='word_1_124' title='bbox 3641 3053 3808 3123; x_wconf 91' lang='lat' dir='ltr'><strong>duos</strong></span> <span class='ocrx_word' id='word_1_125' title='bbox 3889 3077 4077 3122; x_wconf 87' lang='lat' dir='ltr'><strong>arcus</strong></span> 
     </span>
    </p>
   </div>
   <div class='ocr_carea' id='block_1_10' title="bbox 904 3195 4177 3295">
    <p class='ocr_par' dir='ltr' id='par_1_10' title="bbox 904 3195 4177 3295">
     <span class='ocr_line' id='line_1_16' title="bbox 904 3195 4177 3295; baseline 0.001 -28"><span class='ocrx_word' id='word_1_126' title='bbox 904 3198 1208 3290; x_wconf 85' lang='lat' dir='ltr'><strong>aequales</strong></span> <span class='ocrx_word' id='word_1_127' title='bbox 1258 3217 1695 3289; x_wconf 81' lang='lat' dir='ltr'><strong>quoscunque</strong></span> <span class='ocrx_word' id='word_1_128' title='bbox 1742 3218 1979 3279; x_wconf 88' lang='lat' dir='ltr'><strong>sumas,</strong></span> <span class='ocrx_word' id='word_1_129' title='bbox 2046 3219 2165 3289; x_wconf 88' lang='lat' dir='ltr'><strong>per</strong></span> <span class='ocrx_word' id='word_1_130' title='bbox 2213 3220 2502 3288; x_wconf 85' lang='lat' dir='ltr'><strong>quorum</strong></span> <span class='ocrx_word' id='word_1_131' title='bbox 2551 3196 2994 3267; x_wconf 85' lang='lat' dir='ltr'><strong>extremitates</strong></span> <span class='ocrx_word' id='word_1_132' title='bbox 3047 3197 3110 3265; x_wconf 88' lang='lat' dir='ltr'><strong>in</strong></span> <span class='ocrx_word' id='word_1_133' title='bbox 3163 3198 3378 3268; x_wconf 85' lang='lat' dir='ltr'><strong>radios</strong></span> <span class='ocrx_word' id='word_1_134' title='bbox 3429 3214 3720 3270; x_wconf 86' lang='lat' dir='ltr'><strong>vectores</strong></span> <span class='ocrx_word' id='word_1_135' title='bbox 3771 3204 4083 3295; x_wconf 54' lang='lat' dir='ltr'><strong>respecti*</strong></span> <span class='ocrx_word' id='word_1_136' title='bbox 4171 3195 4177 3201; x_wconf 67' lang='grc'><strong><em>’</em></strong></span> 
     </span>
    </p>
   </div>
   <div class='ocr_carea' id='block_1_11' title="bbox 901 3345 4081 3592">
    <p class='ocr_par' dir='ltr' id='par_1_11' title="bbox 901 3345 4081 3592">
     <span class='ocr_line' id='line_1_17' title="bbox 902 3345 4078 3442; baseline 0.004 -31"><span class='ocrx_word' id='word_1_137' title='bbox 902 3368 1014 3415; x_wconf 83' lang='lat' dir='ltr'><strong>vos</strong></span> <span class='ocrx_word' id='word_1_138' title='bbox 1086 3345 1560 3438; x_wconf 87' lang='lat' dir='ltr'><strong>perpendicula</strong></span> <span class='ocrx_word' id='word_1_139' title='bbox 1627 3345 1862 3437; x_wconf 77' lang='lat' dir='ltr'><strong>erigas,</strong></span> <span class='ocrx_word' id='word_1_140' title='bbox 1938 3346 2181 3414; x_wconf 92' lang='lat' dir='ltr'><strong>horum</strong></span> <span class='ocrx_word' id='word_1_141' title='bbox 2250 3346 2604 3415; x_wconf 87' lang='lat' dir='ltr'><strong>amborum</strong></span> <span class='ocrx_word' id='word_1_142' title='bbox 2667 3348 3322 3440; x_wconf 82' lang='lat' dir='ltr'><strong>perpendiculorum,</strong></span> <span class='ocrx_word' id='word_1_143' title='bbox 3374 3350 3458 3418; x_wconf 86' lang='lat' dir='ltr'><strong>ad</strong></span> <span class='ocrx_word' id='word_1_144' title='bbox 3521 3353 3828 3442; x_wconf 85' lang='lat' dir='ltr'><strong>aequales</strong></span> <span class='ocrx_word' id='word_1_145' title='bbox 3889 3376 4078 3425; x_wconf 80' lang='lat' dir='ltr'><strong>arcus</strong></span> 
     </span>
     <span class='ocr_line' id='line_1_18' title="bbox 901 3492 4081 3592; baseline 0.003 -31"><span class='ocrx_word' id='word_1_146' title='bbox 901 3492 1408 3586; x_wconf 87' lang='lat' dir='ltr'><strong>pertinentium,</strong></span> <span class='ocrx_word' id='word_1_147' title='bbox 1468 3492 1947 3562; x_wconf 83' lang='lat' dir='ltr'><strong>intersectionis</strong></span> <span class='ocrx_word' id='word_1_148' title='bbox 1997 3492 2181 3562; x_wconf 89' lang='lat' dir='ltr'><strong>locus</strong></span> <span class='ocrx_word' id='word_1_149' title='bbox 2228 3494 2672 3585; x_wconf 80' lang='lat' dir='ltr'><strong>geometricus</strong></span> <span class='ocrx_word' id='word_1_150' title='bbox 2721 3494 2976 3587; x_wconf 86' lang='lat' dir='ltr'><strong>Ellipsis</strong></span> <span class='ocrx_word' id='word_1_151' title='bbox 3025 3496 3168 3577; x_wconf 88' lang='lat' dir='ltr'><strong>erit,</strong></span> <span class='ocrx_word' id='word_1_152' title='bbox 3219 3518 3372 3564; x_wconf 88' lang='lat' dir='ltr'><strong>cum</strong></span> <span class='ocrx_word' id='word_1_153' title='bbox 3425 3500 3804 3591; x_wconf 70' lang='lat' dir='ltr'><strong>Hyperbola</strong></span> <span class='ocrx_word' id='word_1_154' title='bbox 3856 3503 4081 3592; x_wconf 88' lang='lat' dir='ltr'><strong>aequi-</strong></span> 
     </span>
    </p>
   </div>
   <div class='ocr_carea' id='block_1_12' title="bbox 908 3640 2648 3732">
    <p class='ocr_par' dir='ltr' id='par_1_12' title="bbox 908 3640 2648 3732">
     <span class='ocr_line' id='line_1_19' title="bbox 908 3640 2648 3732; baseline 0.001 -25"><span class='ocrx_word' id='word_1_155' title='bbox 908 3642 1137 3722; x_wconf 86' lang='lat' dir='ltr'><strong>latera,</strong></span> <span class='ocrx_word' id='word_1_156' title='bbox 1188 3642 1273 3708; x_wconf 88' lang='lat' dir='ltr'><strong>ad</strong></span> <span class='ocrx_word' id='word_1_157' title='bbox 1322 3640 1789 3711; x_wconf 84' lang='lat' dir='ltr'><strong>Lemniscatam</strong></span> <span class='ocrx_word' id='word_1_158' title='bbox 1836 3640 2225 3732; x_wconf 84' lang='lat' dir='ltr'><strong>pertinenti,</strong></span> <span class='ocrx_word' id='word_1_159' title='bbox 2276 3642 2648 3710; x_wconf 79' lang='lat' dir='ltr'><strong>confocaliS.</strong></span> 
     </span>
    </p>
   </div>
   <div class='ocr_carea' id='block_1_13' title="bbox 444 3905 4080 5321">
    <p class='ocr_par' dir='ltr' id='par_1_13' title="bbox 444 3905 4080 5321">
     <span class='ocr_line' id='line_1_20' title="bbox 728 3905 4078 3997; baseline 0.003 -22"><span class='ocrx_word' id='word_1_160' title='bbox 728 3912 1005 3995; x_wconf 78' lang='lat' dir='ltr'><strong>Quorum</strong></span> <span class='ocrx_word' id='word_1_161' title='bbox 1054 3908 1495 3975; x_wconf 88' lang='lat' dir='ltr'><strong>demonstratio</strong></span> <span class='ocrx_word' id='word_1_162' title='bbox 1542 3930 1657 3997; x_wconf 90' lang='lat' dir='ltr'><strong>ope</strong></span> <span class='ocrx_word' id='word_1_163' title='bbox 1710 3906 2226 3973; x_wconf 87' lang='lat' dir='ltr'><strong>Theorematis</strong></span> <span class='ocrx_word' id='word_1_164' title='bbox 2276 3905 2542 3972; x_wconf 81' lang='lat' dir='ltr'>LXXXI</span> <span class='ocrx_word' id='word_1_165' title='bbox 2605 3908 2808 3973; x_wconf 88' lang='lat' dir='ltr'><strong>statim</strong></span> <span class='ocrx_word' id='word_1_166' title='bbox 2861 3920 3031 3997; x_wconf 87' lang='lat' dir='ltr'><strong>patet</strong></span> <span class='ocrx_word' id='word_1_167' title='bbox 3081 3930 3156 3975; x_wconf 83' lang='lat' dir='ltr'><strong>ex</strong></span> <span class='ocrx_word' id='word_1_168' title='bbox 3209 3910 3521 3977; x_wconf 89' lang='lat' dir='ltr'><strong>nonnullis</strong></span> <span class='ocrx_word' id='word_1_169' title='bbox 3570 3911 4078 3993; x_wconf 85' lang='lat' dir='ltr'><strong>theorematibus.</strong></span> 
     </span>
     <span class='ocr_line' id='line_1_21' title="bbox 531 4024 4074 4121; baseline 0.003 -24"><span class='ocrx_word' id='word_1_170' title='bbox 531 4054 693 4121; x_wconf 86' lang='lat' dir='ltr'><strong>quae</strong></span> <span class='ocrx_word' id='word_1_171' title='bbox 758 4028 925 4096; x_wconf 86' lang='lat' dir='ltr'><strong>idem</strong></span> <span class='ocrx_word' id='word_1_172' title='bbox 994 4029 1403 4119; x_wconf 79' lang='lat' dir='ltr'><strong>geometricus</strong></span> <span class='ocrx_word' id='word_1_173' title='bbox 1455 4024 1741 4093; x_wconf 69' lang='lat' dir='ltr'><strong>Cnasrns</strong></span> <span class='ocrx_word' id='word_1_174' title='bbox 1786 4026 1850 4091; x_wconf 90' lang='lat' dir='ltr'><strong>in</strong></span> <span class='ocrx_word' id='word_1_175' title='bbox 1900 4024 2109 4092; x_wconf 84' lang='lat' dir='ltr'><strong>Diario</strong></span> <span class='ocrx_word' id='word_1_176' title='bbox 2160 4024 2459 4117; x_wconf 88' lang='lat' dir='ltr'><strong>Compt.</strong></span> <span class='ocrx_word' id='word_1_177' title='bbox 2511 4026 2748 4095; x_wconf 83' lang='lat' dir='ltr'><strong>Rend.</strong></span> <span class='ocrx_word' id='word_1_178' title='bbox 2794 4025 3133 4095; x_wconf 89' lang='lat' dir='ltr'><strong>hebdom.</strong></span> <span class='ocrx_word' id='word_1_179' title='bbox 3187 4028 3312 4096; x_wconf 89' lang='lat' dir='ltr'><strong>des</strong></span> <span class='ocrx_word' id='word_1_180' title='bbox 3359 4032 3612 4100; x_wconf 67' lang='lat' dir='ltr'><strong>scano.</strong></span> <span class='ocrx_word' id='word_1_181' title='bbox 3665 4033 3753 4101; x_wconf 89' lang='lat' dir='ltr'><strong>de</strong></span> <span class='ocrx_word' id='word_1_182' title='bbox 3801 4036 4074 4107; x_wconf 81' lang='lat' dir='ltr'><strong>l&#39;Acad.</strong></span> 
     </span>
     <span class='ocr_line' id='line_1_22' title="bbox 508 4142 4078 4237; baseline 0.003 -22"><span class='ocrx_word' id='word_1_183' title='bbox 508 4151 653 4229; x_wconf 63' lang='lat' dir='ltr'><strong>‚des</strong></span> <span class='ocrx_word' id='word_1_184' title='bbox 703 4146 1081 4227; x_wconf 78' lang='lat' dir='ltr'><strong>ScienceS,</strong></span> <span class='ocrx_word' id='word_1_185' title='bbox 1133 4152 1221 4214; x_wconf 78' lang='lat'><strong>25</strong></span> <span class='ocrx_word' id='word_1_186' title='bbox 1272 4144 1414 4215; x_wconf 86' lang='lat' dir='ltr'><strong>Oct.</strong></span> <span class='ocrx_word' id='word_1_187' title='bbox 1469 4149 1669 4227; x_wconf 75' lang='lat'><strong>1843,</strong></span> <span class='ocrx_word' id='word_1_188' title='bbox 1720 4144 1916 4213; x_wconf 90' lang='lat' dir='ltr'><strong>Tomo</strong></span> <span class='ocrx_word' id='word_1_189' title='bbox 1964 4142 2170 4226; x_wconf 82' lang='lat' dir='ltr'>XVII,</span> <span class='ocrx_word' id='word_1_190' title='bbox 2219 4170 2364 4237; x_wconf 76' lang='lat' dir='ltr'><strong>pag.</strong></span> <span class='ocrx_word' id='word_1_191' title='bbox 2419 4150 2581 4226; x_wconf 82' lang='lat'><strong>858,</strong></span> <span class='ocrx_word' id='word_1_192' title='bbox 2635 4149 2797 4214; x_wconf 89' lang='lat' dir='ltr'><strong>circa</strong></span> <span class='ocrx_word' id='word_1_193' title='bbox 2848 4170 3024 4215; x_wconf 89' lang='lat' dir='ltr'><strong>arcus</strong></span> <span class='ocrx_word' id='word_1_194' title='bbox 3073 4149 3416 4216; x_wconf 89' lang='lat' dir='ltr'><strong>sectionum</strong></span> <span class='ocrx_word' id='word_1_195' title='bbox 3467 4153 3848 4237; x_wconf 87' lang='lat' dir='ltr'><strong>conicarum,</strong></span> <span class='ocrx_word' id='word_1_196' title='bbox 3900 4157 4078 4226; x_wconf 77' lang='lat' dir='ltr'><strong>diffe-</strong></span> 
     </span>
     <span class='ocr_line' id='line_1_23' title="bbox 528 4264 4076 4361; baseline 0.002 -24"><span class='ocrx_word' id='word_1_197' title='bbox 528 4273 731 4337; x_wconf 86' lang='lat' dir='ltr'><strong>rentia</strong></span> <span class='ocrx_word' id='word_1_198' title='bbox 778 4267 1167 4337; x_wconf 81' lang='lat' dir='ltr'><strong>rectificabili</strong></span> <span class='ocrx_word' id='word_1_199' title='bbox 1213 4266 1575 4358; x_wconf 78' lang='lat' dir='ltr'><strong>gaudentes,</strong></span> <span class='ocrx_word' id='word_1_200' title='bbox 1629 4288 1907 4357; x_wconf 90' lang='lat' dir='ltr'><strong>quosque</strong></span> <span class='ocrx_word' id='word_1_201' title='bbox 1953 4264 2177 4333; x_wconf 85' lang='lat' dir='ltr'><strong>exinde</strong></span> <span class='ocrx_word' id='word_1_202' title='bbox 2226 4266 2331 4333; x_wconf 90' lang='lat' dir='ltr'><strong>ille</strong></span> <span class='ocrx_word' id='word_1_203' title='bbox 2378 4278 2594 4335; x_wconf 88' lang='lat' dir='ltr'><strong>auctor</strong></span> <span class='ocrx_word' id='word_1_204' title='bbox 2639 4286 2826 4336; x_wconf 68' lang='lat' dir='ltr'><strong>arvus</strong></span> <span class='ocrx_word' id='word_1_205' title='bbox 2869 4272 3112 4337; x_wconf 69' lang='lat' dir='ltr'><strong>similes</strong></span> <span class='ocrx_word' id='word_1_206' title='bbox 3141 4282 3488 4361; x_wconf 90' lang='lat' dir='ltr'><strong>nuncupat,</strong></span> <span class='ocrx_word' id='word_1_207' title='bbox 3527 4272 3594 4337; x_wconf 90' lang='lat' dir='ltr'><strong>in</strong></span> <span class='ocrx_word' id='word_1_208' title='bbox 3617 4272 3823 4341; x_wconf 90' lang='lat' dir='ltr'><strong>lucem</strong></span> <span class='ocrx_word' id='word_1_209' title='bbox 3857 4275 4076 4357; x_wconf 89' lang='lat' dir='ltr'><strong>edidit,</strong></span> 
     </span>
     <span class='ocr_line' id='line_1_24' title="bbox 527 4387 4077 4487; baseline 0.001 -29"><span class='ocrx_word' id='word_1_210' title='bbox 527 4415 749 4459; x_wconf 81' lang='lat' dir='ltr'><strong>verum</strong></span> <span class='ocrx_word' id='word_1_211' title='bbox 798 4390 1031 4481; x_wconf 88' lang='lat' dir='ltr'><strong>absque</strong></span> <span class='ocrx_word' id='word_1_212' title='bbox 1096 4388 1659 4466; x_wconf 80' lang='lat' dir='ltr'><strong>demonstratione3</strong></span> <span class='ocrx_word' id='word_1_213' title='bbox 1731 4387 2033 4478; x_wconf 85' lang='lat' dir='ltr'><strong>imprimis</strong></span> <span class='ocrx_word' id='word_1_214' title='bbox 2095 4408 2325 4478; x_wconf 85' lang='lat' dir='ltr'><strong>nempe</strong></span> <span class='ocrx_word' id='word_1_215' title='bbox 2388 4412 2461 4455; x_wconf 83' lang='lat' dir='ltr'><strong>ex</strong></span> <span class='ocrx_word' id='word_1_216' title='bbox 2529 4388 2621 4467; x_wconf 91' lang='lat' dir='ltr'><strong>iis,</strong></span> <span class='ocrx_word' id='word_1_217' title='bbox 2673 4410 2832 4478; x_wconf 81' lang='lat' dir='ltr'><strong>quae</strong></span> <span class='ocrx_word' id='word_1_218' title='bbox 2895 4387 3127 4455; x_wconf 85' lang='lat' dir='ltr'><strong>ibidem</strong></span> <span class='ocrx_word' id='word_1_219' title='bbox 3177 4390 3362 4479; x_wconf 78' lang='lat' dir='ltr'><strong>signis</strong></span> <span class='ocrx_word' id='word_1_220' title='bbox 3411 4389 3464 4471; x_wconf 94' lang='lat' dir='ltr'><strong>I,</strong></span> <span class='ocrx_word' id='word_1_221' title='bbox 3515 4390 3582 4457; x_wconf 91' lang='grc' dir='ltr'><strong>ΙΙ</strong></span> <span class='ocrx_word' id='word_1_222' title='bbox 3629 4404 3690 4459; x_wconf 89' lang='lat' dir='ltr'><strong>et</strong></span> <span class='ocrx_word' id='word_1_223' title='bbox 3739 4394 3830 4461; x_wconf 85' lang='lat' dir='ltr'><strong>vl</strong></span> <span class='ocrx_word' id='word_1_224' title='bbox 3875 4395 4077 4487; x_wconf 77' lang='lat' dir='ltr'><strong>desig-</strong></span> 
     </span>
     <span class='ocr_line' id='line_1_25' title="bbox 528 4506 4080 4599; baseline 0.001 -22"><span class='ocrx_word' id='word_1_225' title='bbox 528 4524 783 4577; x_wconf 87' lang='lat' dir='ltr'><strong>nantur.</strong></span> <span class='ocrx_word' id='word_1_226' title='bbox 885 4508 1047 4575; x_wconf 88' lang='lat' dir='ltr'><strong>Nam</strong></span> <span class='ocrx_word' id='word_1_227' title='bbox 1112 4506 1580 4599; x_wconf 87' lang='lat' dir='ltr'><strong>perpendicula,</strong></span> <span class='ocrx_word' id='word_1_228' title='bbox 1650 4529 1913 4598; x_wconf 89' lang='lat' dir='ltr'><strong>quorum</strong></span> <span class='ocrx_word' id='word_1_229' title='bbox 1975 4508 2037 4572; x_wconf 91' lang='lat' dir='ltr'><strong>in</strong></span> <span class='ocrx_word' id='word_1_230' title='bbox 2089 4506 2257 4575; x_wconf 88' lang='lat' dir='ltr'><strong>hisce</strong></span> <span class='ocrx_word' id='word_1_231' title='bbox 2307 4506 2928 4575; x_wconf 86' lang='lat' dir='ltr'><strong>Theorematibus</strong></span> <span class='ocrx_word' id='word_1_232' title='bbox 2977 4506 3298 4589; x_wconf 83' lang='lat' dir='ltr'>LXXXII,</span> <span class='ocrx_word' id='word_1_233' title='bbox 3350 4507 3704 4595; x_wconf 86' lang='lat' dir='ltr'>LXXXIII,</span> <span class='ocrx_word' id='word_1_234' title='bbox 3754 4512 4080 4583; x_wconf 83' lang='lat' dir='ltr'>LXXXIV</span> 
     </span>
     <span class='ocr_line' id='line_1_26' title="bbox 528 4624 4078 4724; baseline 0.002 -25"><span class='ocrx_word' id='word_1_235' title='bbox 528 4632 769 4699; x_wconf 88' lang='lat' dir='ltr'><strong>mentio</strong></span> <span class='ocrx_word' id='word_1_236' title='bbox 818 4631 917 4712; x_wconf 84' lang='lat' dir='ltr'><strong>fit,</strong></span> <span class='ocrx_word' id='word_1_237' title='bbox 966 4628 1126 4695; x_wconf 89' lang='lat' dir='ltr'><strong>nihil</strong></span> <span class='ocrx_word' id='word_1_238' title='bbox 1188 4628 1359 4696; x_wconf 91' lang='lat' dir='ltr'><strong>aliud</strong></span> <span class='ocrx_word' id='word_1_239' title='bbox 1405 4640 1551 4695; x_wconf 89' lang='lat' dir='ltr'><strong>sunt</strong></span> <span class='ocrx_word' id='word_1_240' title='bbox 1614 4627 1723 4711; x_wconf 86' lang='lat' dir='ltr'><strong>(cf.</strong></span> <span class='ocrx_word' id='word_1_241' title='bbox 1781 4625 2191 4695; x_wconf 86' lang='lat' dir='ltr'><strong>Theorema</strong></span> <span class='ocrx_word' id='word_1_242' title='bbox 2240 4624 2539 4718; x_wconf 85' lang='lat' dir='ltr'>LXXIII)</span> <span class='ocrx_word' id='word_1_243' title='bbox 2611 4627 2726 4694; x_wconf 89' lang='lat' dir='ltr'><strong>nisi</strong></span> <span class='ocrx_word' id='word_1_244' title='bbox 2799 4640 3120 4719; x_wconf 79' lang='lat' dir='ltr'><strong>tangentes</strong></span> <span class='ocrx_word' id='word_1_245' title='bbox 3180 4624 3571 4721; x_wconf 81' lang='lat' dir='ltr'><strong>Hyperbolae</strong></span> <span class='ocrx_word' id='word_1_246' title='bbox 3637 4635 4078 4724; x_wconf 83' lang='lat' dir='ltr'><strong>aequilaterae,</strong></span> 
     </span>
     <span class='ocr_line' id='line_1_27' title="bbox 528 4746 4078 4849; baseline 0.002 -31"><span class='ocrx_word' id='word_1_247' title='bbox 528 4774 697 4843; x_wconf 83' lang='lat' dir='ltr'><strong>quae</strong></span> <span class='ocrx_word' id='word_1_248' title='bbox 745 4748 1089 4818; x_wconf 84' lang='lat' dir='ltr'><strong>secundum</strong></span> <span class='ocrx_word' id='word_1_249' title='bbox 1158 4747 1211 4814; x_wconf 89' lang='lat' dir='ltr'>T</span> <span class='ocrx_word' id='word_1_250' title='bbox 1221 4746 1572 4816; x_wconf 88' lang='lat' dir='ltr'><strong>heorema</strong></span> <span class='ocrx_word' id='word_1_251' title='bbox 1637 4746 1894 4827; x_wconf 87' lang='lat' dir='ltr'>LXXX,</span> <span class='ocrx_word' id='word_1_252' title='bbox 1968 4748 2031 4813; x_wconf 89' lang='lat' dir='ltr'><strong>in</strong></span> <span class='ocrx_word' id='word_1_253' title='bbox 2082 4746 2203 4815; x_wconf 85' lang='lat' dir='ltr'><strong>hac</strong></span> <span class='ocrx_word' id='word_1_254' title='bbox 2250 4770 2435 4815; x_wconf 77' lang='lat' dir='ltr'><strong>curra</strong></span> <span class='ocrx_word' id='word_1_255' title='bbox 2487 4772 2663 4815; x_wconf 84' lang='lat' dir='ltr'><strong>arcus</strong></span> <span class='ocrx_word' id='word_1_256' title='bbox 2711 4748 3130 4817; x_wconf 84' lang='lat' dir='ltr'><strong>determinant</strong></span> <span class='ocrx_word' id='word_1_257' title='bbox 3177 4750 3462 4841; x_wconf 83' lang='lat' dir='ltr'><strong>aequales</strong></span> <span class='ocrx_word' id='word_1_258' title='bbox 3508 4752 3581 4819; x_wconf 89' lang='lat' dir='ltr'><strong>iis</strong></span> <span class='ocrx_word' id='word_1_259' title='bbox 3628 4755 3918 4838; x_wconf 86' lang='lat' dir='ltr'><strong>arcubus,</strong></span> <span class='ocrx_word' id='word_1_260' title='bbox 3971 4762 4078 4849; x_wconf 89' lang='lat' dir='ltr'><strong>qui</strong></span> 
     </span>
     <span class='ocr_line' id='line_1_28' title="bbox 527 4866 4080 4971; baseline 0.002 -32"><span class='ocrx_word' id='word_1_261' title='bbox 527 4872 715 4939; x_wconf 85' lang='lat' dir='ltr'><strong>radiis</strong></span> <span class='ocrx_word' id='word_1_262' title='bbox 760 4869 1107 4938; x_wconf 72' lang='lat' dir='ltr'><strong>rectoribus</strong></span> <span class='ocrx_word' id='word_1_263' title='bbox 1175 4869 1701 4949; x_wconf 79' lang='lat' dir='ltr'><strong>determinantur3</strong></span> <span class='ocrx_word' id='word_1_264' title='bbox 1784 4890 2179 4959; x_wconf 80' lang='lat' dir='ltr'><strong>quorumque</strong></span> <span class='ocrx_word' id='word_1_265' title='bbox 2246 4866 2655 4945; x_wconf 81' lang='lat' dir='ltr'><strong>differentiae,</strong></span> <span class='ocrx_word' id='word_1_266' title='bbox 2722 4868 2802 4936; x_wconf 94' lang='lat' dir='ltr'><strong>ob</strong></span> <span class='ocrx_word' id='word_1_267' title='bbox 2851 4892 3108 4936; x_wconf 85' lang='lat' dir='ltr'><strong>arcuum</strong></span> <span class='ocrx_word' id='word_1_268' title='bbox 3167 4870 3230 4935; x_wconf 90' lang='lat' dir='ltr'><strong>in</strong></span> <span class='ocrx_word' id='word_1_269' title='bbox 3280 4870 3670 4940; x_wconf 84' lang='lat' dir='ltr'><strong>Lemniscata</strong></span> <span class='ocrx_word' id='word_1_270' title='bbox 3721 4898 4080 4971; x_wconf 87' lang='lat' dir='ltr'><strong>correspon-</strong></span> 
     </span>
     <span class='ocr_line' id='line_1_29' title="bbox 524 4986 4080 5093; baseline 0.002 -34"><span class='ocrx_word' id='word_1_271' title='bbox 524 4992 813 5061; x_wconf 77' lang='lat' dir='ltr'><strong>dentiam</strong></span> <span class='ocrx_word' id='word_1_272' title='bbox 860 4990 1325 5082; x_wconf 85' lang='lat' dir='ltr'><strong>aequalitatem,</strong></span> <span class='ocrx_word' id='word_1_273' title='bbox 1376 4988 1808 5057; x_wconf 83' lang='lat' dir='ltr'><strong>rectificabiles</strong></span> <span class='ocrx_word' id='word_1_274' title='bbox 1870 5001 2013 5055; x_wconf 89' lang='lat' dir='ltr'><strong>sunt</strong></span> <span class='ocrx_word' id='word_1_275' title='bbox 2060 5012 2131 5055; x_wconf 85' lang='lat' dir='ltr'><strong>ex</strong></span> <span class='ocrx_word' id='word_1_276' title='bbox 2190 4986 2683 5057; x_wconf 86' lang='lat' dir='ltr'><strong>Theoremate</strong></span> <span class='ocrx_word' id='word_1_277' title='bbox 2730 4988 3020 5057; x_wconf 88' lang='lat' dir='ltr'>LXXXI.</span> <span class='ocrx_word' id='word_1_278' title='bbox 3073 4989 3160 5056; x_wconf 93' lang='lat' dir='ltr'><strong>Ut</strong></span> <span class='ocrx_word' id='word_1_279' title='bbox 3207 4990 3392 5057; x_wconf 71' lang='lat' dir='ltr'><strong>verbo</strong></span> <span class='ocrx_word' id='word_1_280' title='bbox 3440 4992 3669 5074; x_wconf 86' lang='lat' dir='ltr'><strong>dicam,</strong></span> <span class='ocrx_word' id='word_1_281' title='bbox 3721 5018 3924 5079; x_wconf 88' lang='lat' dir='ltr'><strong>arcus,</strong></span> <span class='ocrx_word' id='word_1_282' title='bbox 3973 5003 4080 5093; x_wconf 82' lang='lat' dir='ltr'><strong>qui</strong></span> 
     </span>
     <span class='ocr_line' id='line_1_30' title="bbox 444 5100 4080 5201; baseline 0.003 -22"><span class='ocrx_word' id='word_1_283' title='bbox 444 5100 459 5111; x_wconf 65' lang='grc'><strong>’</strong></span> <span class='ocrx_word' id='word_1_284' title='bbox 526 5114 589 5179; x_wconf 86' lang='lat' dir='ltr'><strong>in</strong></span> <span class='ocrx_word' id='word_1_285' title='bbox 642 5108 1001 5201; x_wconf 73' lang='lat' dir='ltr'><strong>Hyperbola</strong></span> <span class='ocrx_word' id='word_1_286' title='bbox 1044 5108 1501 5201; x_wconf 83' lang='lat' dir='ltr'><strong>perpendiculis</strong></span> <span class='ocrx_word' id='word_1_287' title='bbox 1560 5109 1761 5177; x_wconf 85' lang='lat' dir='ltr'><strong>citatis</strong></span> <span class='ocrx_word' id='word_1_288' title='bbox 1823 5109 2341 5189; x_wconf 87' lang='lat' dir='ltr'><strong>determinantur,</strong></span> <span class='ocrx_word' id='word_1_289' title='bbox 2390 5112 2635 5177; x_wconf 68' lang='lat' dir='ltr'><strong>sinaites</strong></span> <span class='ocrx_word' id='word_1_290' title='bbox 2683 5121 2864 5175; x_wconf 88' lang='lat' dir='ltr'><strong>sunt:</strong></span> <span class='ocrx_word' id='word_1_291' title='bbox 2919 5133 3064 5200; x_wconf 78' lang='lat' dir='ltr'><strong>ergo</strong></span> <span class='ocrx_word' id='word_1_292' title='bbox 3111 5106 3492 5179; x_wconf 85' lang='lat' dir='ltr'><strong>theoremata</strong></span> <span class='ocrx_word' id='word_1_293' title='bbox 3543 5112 3728 5181; x_wconf 85' lang='lat' dir='ltr'><strong>citata</strong></span> <span class='ocrx_word' id='word_1_294' title='bbox 3777 5114 3895 5185; x_wconf 91' lang='lat' dir='ltr'><strong>hoc</strong></span> <span class='ocrx_word' id='word_1_295' title='bbox 3942 5121 4080 5189; x_wconf 90' lang='lat' dir='ltr'><strong>loco</strong></span> 
     </span>
     <span class='ocr_line' id='line_1_31' title="bbox 520 5228 3226 5321; baseline -0 -22"><span class='ocrx_word' id='word_1_296' title='bbox 520 5231 888 5301; x_wconf 86' lang='lat' dir='ltr'><strong>immediate</strong></span> <span class='ocrx_word' id='word_1_297' title='bbox 936 5229 1233 5321; x_wconf 88' lang='lat' dir='ltr'><strong>applicari</strong></span> <span class='ocrx_word' id='word_1_298' title='bbox 1282 5243 1559 5319; x_wconf 88' lang='lat' dir='ltr'><strong>possunt,</strong></span> <span class='ocrx_word' id='word_1_299' title='bbox 1612 5251 1879 5318; x_wconf 89' lang='lat' dir='ltr'><strong>quorum</strong></span> <span class='ocrx_word' id='word_1_300' title='bbox 1928 5251 2068 5296; x_wconf 76' lang='lat' dir='ltr'><strong>vero</strong></span> <span class='ocrx_word' id='word_1_301' title='bbox 2117 5229 2558 5296; x_wconf 83' lang='lat' dir='ltr'><strong>demonstratio</strong></span> <span class='ocrx_word' id='word_1_302' title='bbox 2604 5228 2712 5297; x_wconf 84' lang='lat' dir='ltr'><strong>hic</strong></span> <span class='ocrx_word' id='word_1_303' title='bbox 2761 5254 2884 5297; x_wconf 87' lang='lat' dir='ltr'><strong>non</strong></span> <span class='ocrx_word' id='word_1_304' title='bbox 2935 5231 3226 5321; x_wconf 86' lang='lat' dir='ltr'><strong>pertinet.</strong></span> 
     </span>
    </p>
   </div>
   <div class='ocr_carea' id='block_1_14' title="bbox 3567 5357 3710 5418">
    <p class='ocr_par' dir='ltr' id='par_1_14' title="bbox 3567 5357 3710 5418">
     <span class='ocr_line' id='line_1_32' title="bbox 3567 5357 3710 5418; baseline 0.007 -1"><span class='ocrx_word' id='word_1_305' title='bbox 3567 5357 3710 5418; x_wconf 72' lang='lat'><strong>11*</strong></span> 
     </span>
    </p>
   </div>
  </div>
 </body>
</html>
