4959 6309
2445 696 2519 705 ..„.
2566 659 2813 725 ¹70-

861 888 929 954 si
987 910 1156 955 nunc
1220 888 1430 955 ambos
1500 888 1730 955 valores
1793 892 1923 1023 1223,
1961 890 2058 955 rel
2106 890 2293 957 etiam
2321 894 2452 1025 ΒΞ,
2504 892 2789 980 aequales
2837 911 3162 982 ponamus,
3214 888 3359 955 inde
3406 890 3537 954 erui
3586 899 3782 978 potest
3834 888 4001 953 valor
4049 912 4107 967 r,
4146 900 4211 953 et
4262 886 4409 955 hinc

859 1078 1241 1167 reliquorum
1289 1080 1386 1160 R,
1449 1128 1466 1157 ,
1518 1081 1614 1163 12³
1680 1129 1696 1156 ‚
1749 1082 1806 1143 R
1817 1125 1855 1211 ἐ,
1901 1078 2134 1144 valeres
2181 1078 2444 1146 inveniri
2490 1093 2767 1171 possunt.

889 1194 894 1200 -
1361 1170 1394 1211 ς
1589 1169 1624 1212 3

1031 1268 1141 1330 96.
1199 1264 1356 1347 Quia
1409 1286 1549 1330 vero
1597 1264 1662 1329 in
1712 1265 2108 1355 aequationes
2155 1263 2386 1331 altioris
2433 1266 2659 1357 gradus
2690 1266 3044 1345 incidimus,
3092 1264 3257 1355 quod
3306 1288 3379 1331 eo
3422 1264 3616 1355 magis
3660 1263 3817 1330 valet
3872 1264 3949 1329 de
3996 1289 4037 1330 u
4058 1302 4083 1313 -
4119 1264 4409 1341 sectione,

860 1382 1108 1471 quando
1155 1406 1200 1449 u
1246 1386 1448 1473 majus
1497 1405 1684 1474 quam
1738 1388 1776 1449 ὅ
1826 1397 1942 1463 est,
1994 1384 2182 1451 etiam
2230 1384 2338 1451 hic
2387 1385 2466 1451 nd
2514 1385 2828 1474 analyseos
2876 1386 3202 1476 superioris
3252 1384 3611 1473 adjumenta
3660 1384 4043 1474 transfugere
4090 1382 4411 1459 debemus,

857 1502 935 1568 de
985 1501 1210 1592 quibus
1256 1506 1351 1568 11⁰.
1406 1506 1494 1569 88
1542 1504 1922 1571 monuimus,

1046 1621 1461 1713 caeteroquin
1523 1648 1597 1690 ex
1661 1622 1846 1713 hujus
1897 1624 2300 1691 problematis
2363 1626 2682 1692 solutionis
2732 1625 3021 1693 methodo
3072 1638 3263 1715 patet,
3318 1624 3627 1715 quomodo
3680 1625 3992 1713 inquisitio
4042 1623 4413 1689 instituenda

860 1744 935 1806 sit
983 1764 1094 1832 pro
1143 1742 1438 1809 divisione
1490 1744 1858 1827 Quadrantis
1907 1744 1972 1809 in

2477 1872 2566 1931 22·-
2622 1872 2697 1951 4-
2756 1872 2830 1931 2·

857 2024 1082 2099 partes.
1188 2012 1347 2093 Quia
1394 2013 1561 2077 enim
1610 2034 1722 2102 pro
1775 2010 2038 2079 arcubus
2087 2013 2334 2081 directis

1991 2163 2030 2225 2
2059 2198 2084 2211 ·
2111 2162 2316 2251 euplo,
2417 2164 2497 2226 2²
2524 2202 2551 2213 -
2576 2162 2783 2251 euplo,
2887 2164 2962 2225 2³
2996 2196 3023 2211 ·
3050 2158 3257 2251 euplo,
3298 2164 3401 2224 &c
3450 2210 3468 2238 ,

867 2304 1062 2370 radios
1112 2316 1379 2372 vectores
1429 2308 1488 2369 in
1543 2304 1693 2371 radii
1749 2309 2001 2374 vectoris
2049 2331 2226 2375 arcus
2275 2308 2571 2401 simplicis
2617 2331 2654 2375 r
2701 2308 3045 2387 functione,
3096 2321 3159 2375 et
3207 2281 3418 2374 contra
3468 2329 3577 2397 pro
3628 2304 3891 2371 arcubus
3942 2307 4188 2371 inversis

1877 2459 1906 2517 1
1936 2455 2192 2546 -cuplo,
2293 2456 2615 2548 2-euplo,
2718 2460 2795 2521 2²
2826 2456 3087 2547 -cup10‚
3189 2458 3267 2521 2³
3296 2452 3546 2544 -cuplo,
3614 2456 3717 2519 &c
3767 2506 3783 2534 ‚

861 2620 1110 2689 quoque
1159 2600 1225 2664 in
1272 2598 1428 2665 radii
1477 2602 1732 2667 vectoris
1777 2623 1814 2667 r
1859 2600 2182 2671 functione
2227 2604 2487 2691 exprimi
2537 2617 2800 2695 queunt,
2850 2626 2923 2672 ex
2970 2602 3249 2693 ejusdem
3296 2602 3453 2668 radii
3500 2601 3755 2667 vectoris
3801 2600 4044 2667 duobus
4086 2599 4417 2675 vanioribus,

867 2744 942 2786 ex
997 2732 1260 2811 utraque
1324 2722 1478 2789 serie
1549 2723 1830 2812 repertis,
1903 2724 2402 2817 aequiparandis,
2471 2724 2907 2816 aequationem
2964 2725 3025 2791 in
3078 2747 3112 2789 r
3160 2742 3584 2813 assequemur,
3650 2718 3876 2785 altioris
3940 2718 4185 2810 gradus,
4234 2721 4419 2807 cujus

863 2838 1083 2905 solutio
1132 2864 1166 2906 a
1214 2840 1530 2933 principiis
1579 2841 1696 2907 illis
1747 2842 2060 2932 analyseos
2109 2846 2434 2937 superioris
2482 2844 2735 2937 pendet.
