4959 6309
2528 649 2831 713 *2*

901 877 1162 944 ticarum
1242 889 1410 946 arcte
1475 881 1808 968 conjuncta
1879 901 2076 970 quum
2140 880 2241 962 sit,
2307 903 2523 946 ansam
2586 880 2937 968 praebuisse
3000 879 3242 948 videtur
3312 879 3391 946 ad
3458 879 3911 972 disquisitiones
3982 879 4113 946 illas
4178 880 4449 948 eruditas
4508 895 4519 904 '

900 1056 1168 1122 virorum
1217 1055 1764 1122 celeberrimorum
1811 1055 1881 1123 J.
1936 1055 2189 1124 Arrana
2239 1053 2485 1122 Sanam
2534 1069 2597 1124 et
2644 1058 2937 1124 Minium.
2986 1056 3275 1124 Ronanrs
3346 1055 3422 1124 de
3471 1058 4029 1148 repraesentatione
4078 1057 4450 1147 geometrica

899 1232 1294 1298 functionum
1341 1232 1591 1298 illarum
1641 1232 2078 1322 ellipticarum.
2180 1231 2272 1297 Ex
2321 1233 2546 1322 quibus
2592 1233 3021 1300 Lemniscatae
3079 1232 3555 1300 Bernouillanae
3604 1232 3927 1298 connectio
3975 1254 4121 1298 cum
4168 1230 4451 1322 pluribus

901 1430 1226 1473 curvarum
1277 1407 1570 1474 classibus
1616 1409 1846 1498 patuit,
1897 1431 2163 1498 quarum
2211 1408 2551 1474 nonnullae
2597 1409 2789 1474 etiam
2836 1408 3089 1476 aliunde
3138 1409 3421 1498 cognitae
3467 1419 3679 1488 erant3
3734 1408 3896 1473 inter
3944 1429 4096 1496 quas
4143 1418 4349 1476 autem
4384 1419 4451 1471 et

899 1585 1292 1649 Cassinoidvs
1339 1583 1718 1662 enitescunt,
1767 1581 2048 1674 pluribus
2095 1583 2565 1673 elegantissimis
2610 1583 3089 1674 proprietatibus
3137 1583 3499 1672 gaudenteS‚
3550 1605 3817 1672 quarum
3866 1581 4119 1672 quidem
4168 1581 4451 1648 Lemnis·

905 1769 1042 1822 cata
1099 1757 1540 1824 Bernouillana
1585 1769 1678 1824 est
1726 1781 1796 1823 ea
1843 1757 2098 1848 specieS,
2162 1781 2324 1847 quae
2371 1757 2449 1822 ab
2498 1754 2745 1823 Senam·
2785 1761 3149 1843 parabolica
3210 1769 3487 1836 vocatur,
3538 1757 3601 1823 id
3661 1769 3777 1837 est,
3824 1757 3998 1824 locus
4044 1757 4453 1848 geometricus

901 1943 1304 2023 punctorum,
1356 1954 1625 2022 quorum
1673 1933 1750 1998 ad
1797 1932 1920 1998 duo
1966 1945 2202 2024 puncta
2249 1933 2368 1999 fixa
2415 1933 2846 1999 distantiarum
2895 1933 3289 2024 rectangulus
3338 1945 3689 2000 constanter
3737 1932 4063 2023 quadrato,
4112 1935 4178 1999 in
4226 1931 4451 1999 horum

901 2121 1280 2201 punctorum
1345 2107 1602 2174 dimidia
1667 2108 1955 2174 distantia
2021 2119 2396 2188 constructo,
2465 2108 2738 2198 aequalis
2786 2109 2885 2175 sit.
2989 2107 3125 2193 Quo
3174 2119 3456 2198 respectu
3510 2130 3712 2199 nuper
3758 2133 3791 2173 a
3840 2107 4008 2175 doct.
4064 2108 4451 2174 Vsscn'rmam

901 2285 967 2350 in
1016 2284 1203 2350 Bisa.
1272 2285 1524 2374 inaug.
1589 2283 1778 2350 Phil.
1850 2283 1937 2350 de
2003 2284 2256 2350 curvis
2321 2282 2817 2350 Lemniscatis
2884 2283 2981 2372 (ut
3046 2286 3435 2350 Cassinon'des
3482 2283 3765 2348 nominat
3810 2283 3915 2349 ille
3964 2285 4203 2373 auctor)
4274 2283 4447 2350 Go‘tt.

907 2461 1110 2539 1845,
1161 2459 1472 2549 generalia
1519 2458 1830 2548 quaedam
1876 2458 1954 2524 de
2004 2457 2396 2524 Lemniscata
2443 2457 2887 2526 Bernouillana
2932 2458 3223 2526 adnotata
3268 2469 3437 2525 sunt.
3465 2495 3558 2508 --
3589 2455 3715 2524 Sed
3760 2459 3925 2525 inter
3952 2457 4159 2550 plures
4204 2482 4453 2548 quoque

901 2635 1047 2699 alios
1095 2634 1314 2700 modus
1363 2645 1579 2712 exstat,
1632 2657 1760 2723 quo
1807 2633 2046 2701 hancce
2097 2656 2348 2700 curvam
2397 2634 2547 2706 oriri
2594 2633 2804 2700 animo
2858 2657 3201 2726 proponere
3247 2658 3595 2726 possumuS,
3648 2658 3987 2726 quemque,
4038 2648 4101 2702 et
4148 2635 4228 2700 ob
4260 2659 4451 2726 gene·-

899 2811 1150 2875 rationis
1217 2809 1702 2900 simplicitatem,
1777 2820 1839 2874 et
1896 2808 1976 2874 ob
2043 2808 2403 2896 adjumenta
2465 2809 2533 2872 in
2598 2809 2995 2900 expositione,
3062 2833 3187 2876 una
3252 2833 3397 2876 cum
3466 2811 3656 2902 priori
3718 2812 4199 2878 fundamentum
4264 2812 4451 2900 hujus

898 2985 1180 3076 opusculi
1249 2984 1501 3072 eligere,
1577 2983 1928 3074 argumenti
1997 2981 2192 3049 indoli
2263 3005 2613 3072 congruum
2676 2982 2833 3049 mihi
2894 2985 3093 3051 visum
3156 2997 3271 3053 est.
3371 2985 3571 3053 Locus
3620 2986 3853 3054 etenim
3900 2989 4310 3078 geometricus
4358 3003 4453 3056 est

900 3164 1098 3229 centri
1145 3160 1538 3252 Hyperbolae
1595 3160 2010 3251 aequilaterae
2076 3160 2472 3250 projectionis
2536 3160 2601 3225 in
2650 3162 2784 3247 ejus
2834 3184 3056 3227 curvae
3112 3172 3457 3251 tangentes,
3559 3162 3695 3249 Quo
3743 3176 4026 3254 respectu
4072 3164 4262 3254 igitur
4306 3188 4451 3251 per-

897 3341 1053 3406 tinet
1099 3339 1179 3405 ad
1224 3362 1446 3405 novam
1495 3358 1820 3403 curvarum
1871 3336 2127 3403 classem
2175 3334 2555 3425 generalem,
2606 3358 2766 3425 quae
2814 3360 2850 3401 a
2896 3336 3009 3403 vir.
3066 3336 3218 3404 clar.
3252 3333 3549 3417 Statana,
3600 3338 3869 3419 Wmn,
3906 3339 4037 3404 aliis
4064 3338 4179 3403 sub
4197 3339 4451 3405 nomine

896 3514 1248 3603 germanico
1295 3515 1948 3598 Fuszpunclencurven
1993 3532 2197 3601 nuper
2243 3508 2561 3575 elaborata
2609 3520 2725 3576 est.

1079 3689 1268 3753 Porro
1315 3688 1564 3754 diversis
1612 3686 1809 3752 modis
1858 3698 1994 3751 tum
2049 3708 2120 3751 ex
2168 3682 2525 3775 Hyperbola
2588 3681 2995 3773 aequilatera,
3057 3695 3191 3749 tum
3242 3708 3313 3750 ex
3362 3685 3620 3765 circulo,
3672 3696 3805 3751 tum
3855 3686 3975 3753 alio
4022 3686 4208 3754 modo
4256 3711 4447 3778 gene-

891 3877 1063 3930 ratur
1109 3863 1504 3931 Lemniscata
1550 3860 2014 3941 Bernouillana,
2055 3860 2144 3925 ita
2191 3870 2262 3924 ut
2309 3883 2348 3924 a
2394 3859 2769 3950 geometrico
2817 3858 3190 3950 expositione
3224 3882 3350 3925 non
3386 3883 3633 3950 prorsus
3674 3859 3927 3951 indigna
3969 3861 4441 3931 existimeretur.

895 4042 1027 4111 Nec
1077 4040 1330 4132 quidem
1379 4041 1443 4105 in
1479 4037 1856 4105 Mechanicis
1903 4046 2223 4103 momento
2269 4057 2517 4127 prorsus
2564 4046 2755 4114 caret,
2815 4046 2886 4099 ut
2934 4056 3043 4099 suo
3092 4031 3227 4099 loco
3276 4034 3605 4123 exposituri
3650 4058 3884 4102 sumus·
3954 4034 4212 4121 Quodad
4257 4035 4449 4125 hujus

893 4240 1114 4283 curvae
1163 4217 1226 4280 in
1276 4213 1549 4303 Physicis
1596 4210 2035 4304 praestantiam
2085 4221 2331 4275 tantum
2379 4230 2767 4289 moneamus,
2818 4206 2885 4274 in
2934 4207 3090 4275 lucis
3135 4208 3499 4299 polarisatae
3548 4210 3809 4275 transitu
3854 4233 3969 4300 per
4016 4210 4444 4298 crystallorum

889 4394 1160 4459 hiarium
1207 4389 1488 4457 lamellas
1536 4388 1682 4453 oriri
1728 4386 2026 4476 imagines
2076 4386 2398 4465 colorataS,
2463 4382 2879 4451 cassinoidnm
2924 4382 3187 4451 diversas
3234 4383 3491 4475 specicS,
3531 4395 3594 4450 et
3623 4384 4081 4457 Lemniscatam
4116 4358 4445 4451 Bernouil·

891 4568 1101 4634 lanam
1147 4590 1293 4656 ergo
1341 4566 1504 4631 inter
1551 4588 1678 4643 eaS,
1730 4574 1940 4629 exacte
1988 4561 2345 4627 referentesx.

1077 4740 1220 4806 Non
1269 4762 1512 4826 prorsus
1559 4756 2086 4828 supervacaneum
2133 4734 2322 4824 igitur
2376 4728 2536 4799 mihi
2580 4734 2823 4799 videtur
2868 4756 2967 4813 ea,
3020 4754 3180 4823 quae
3228 4731 3305 4798 de
3353 4730 3474 4799 hac
3522 4756 3705 4800 curva
3754 4734 4011 4820 sparsim
4058 4758 4443 4803 commemo-

892 4928 1046 4995 rata,
1096 4926 1160 4981 et
1207 4938 1280 4980 er
1327 4913 1585 4978 aliarum
1636 4933 1964 4978 curvarum
2013 4931 2430 4976 connexarum
2494 4908 2969 5000 proprietatibus
3032 4907 3299 4974 deducta
3346 4909 3580 4990 inveni,
3654 4910 3965 5001 colligere,
4017 4934 4141 5001 quo
4190 4910 4445 4979 consilio

891 5092 1191 5184 imprimis
1241 5114 1385 5157 usus
1448 5112 1586 5156 sum
1647 5088 1744 5167 iis,
1808 5110 1968 5177 quac
2015 5110 2051 5152 a
2097 5087 2240 5154 viris
2309 5084 2724 5154 celeberrimis
2770 5086 3035 5175 jamjam
3082 5085 3371 5166 laudatiS,
3422 5098 3494 5153 ut
3541 5098 3602 5153 et
3652 5110 3686 5153 a
3736 5086 4096 5170 LEGENDRB,
4146 5088 4439 5171 MAGNUS,
