4959 6309
2111 617 2474 683 ...49-

533 873 681 942 quae
732 850 986 931 ultima,
1035 863 1106 916 ut
1153 850 1358 929 decet,
1411 846 1631 917 eadem
1679 860 1772 919 est
1820 847 2060 931 relatio,
2113 873 2274 941 quae
2319 850 2487 920 inter
2536 844 2973 935 amplitudines
3020 844 3643 939 complementarium
3688 844 4083 913 functionum

524 971 930 1063 ellipticarum
975 970 1214 1063 primae
1263 970 1490 1062 speciei
1537 968 1796 1039 obtinet.
1849 970 1959 1057 (cf.
2014 970 2162 1041 clar.
2217 970 2581 1050 Vennutsr,
2630 966 2743 1061 op'.
2795 966 3026 1047 laud.,
3075 990 3219 1061 pag.
3277 965 3449 1055 40.).

691 1091 871 1176 Quae
918 1091 970 1158 si
1017 1090 1405 1183 colliga’mus,
1455 1088 1659 1183 prodit
1705 1088 1955 1181 elegans

529 1334 974 1421 THEOREUA
1019 1332 1270 1419 XLVII·
1363 1349 1806 1419 Lemniscatne
1875 1352 2010 1421 duo
2080 1374 2269 1421 arcus
2343 1350 2615 1420 vicissim
2686 1350 3272 1443 complementares
3340 1364 3560 1433 erunt,
3626 1336 3689 1417 si
3744 1349 4092 1419 obtineant

871 1496 1223 1566 relationes
1270 1496 1446 1566 inter

869 1711 1086 1780 radios
1135 1728 1453 1793 vectores,
1537 1715 1644 1801 ,ν’
1680 1744 1766 1771 ===
1813 1663 2108 1867 3:11:
2159 1715 2234 1781 α2
2292 1764 3882 1794 ......................
3938 1714 4083 1805 (89)

877 1928 1158 2021 angulos
1205 1928 1492 2021 polares,
1551 1930 1680 2001 Cos
1719 1960 1789 2019 φ.
1849 1931 1974 2000 Cos
2011 1979 2028 2017 ,
2068 1954 2113 2011 φ
2167 1961 2250 1987 =
2303 1932 2468 2017 V}
2533 1978 3887 2009 ...................
3948 1932 4090 2021 (90)

879 2076 1160 2169 angulos
1209 2076 1578 2159 auxiliares,
1659 2082 1830 2165 Tunq
1876 2098 1932 2161 ψ
1987 2128 2002 2145 .
2061 2080 2230 2164 Tanq
2287 2099 2376 2165 ιψ
2415 2110 2501 2135 ==
2539 2026 2641 2155 1>
2673 2082 2712 2143 2
2747 2128 3888 2147 ................
3947 2078 4089 2165 (91)

545 2290 698 2377 Quia
741 2288 936 2367 enim,
985 2290 1134 2377 (vid.
1188 2289 1240 2357 F
1242 2290 1327 2381 ig.
1387 2287 1528 2377 12.)
1581 2312 1654 2356 ex
1701 2287 1980 2354 formulis
2029 2287 2230 2354 citatis
2277 2300 2367 2355 est

1425 2437 1566 2507 Arc.
1617 2441 1834 2506 direct.
1889 2433 2000 2503 01
2063 2468 2148 2493 =
2197 2437 2338 2505 Arc.
2390 2438 2623 2504 invers.
2678 2435 2733 2503 A
2763 2440 2831 2516 2,

504 2562 656 2630 etit
713 2580 950 2647 quoque
2716 2590 2729 2599 .

1427 2680 1568 2748 Arc.
1617 2681 1834 2749 direct.
1887 2675 2002 2745 02
2057 2708 2142 2735 -π
2193 2678 2334 2747 Arc.
2383 2680 2619 2745 iuver-s.
2671 2676 2726 2744 A
2760 2684 2824 2756 1,

455 2852 586 2913 ita
673 2857 748 2909 ut
784 2846 1091 2913 elementa
1140 2844 1680 2937 correspondentia
1709 2843 2050 2935 permutari
2101 2855 2335 2934 queant
2381 2866 2629 2911 necesse
2678 2844 2779 2923 sit,
2839 2841 3005 2933 quod
3052 2862 3129 2909 ex
3178 2841 3362 2909 form.
3416 2840 3583 2931 (89),
3639 2842 3783 2931 (90)
3838 2846 3899 2907 62·
3955 2842 4097 2929 (91)

445 2966 578 3026 ita
669 2962 807 3030 fieri
850 2975 1048 3055 patet.

747 3117 846 3180 71.
949 3111 1237 3204 Exposita
1283 3112 1580 3180 facillime
1628 3112 1868 3180 ducunt
1916 3110 1993 3178 ad
2042 3111 2408 3179 solutionem

435 3311 1115 3416 PRGBLEHATIS
1159 3331 1270 3416 Vl·
1363 3349 1572 3415 Arcus
1619 3343 1907 3437 cujusvis
1953 3344 2092 3414 dati
2134 3367 2322 3414 arcus
2371 3344 2949 3436 complementaris
2996 3343 3388 3414 inveniatur.

748 3530 1098 3600 SOLUTIO
1154 3536 1218 3600 1.
1317 3529 1840 3623 Pei-pendiculum
1887 3529 1952 3594 in
2003 3527 2142 3595 axin
2191 3552 2226 3595 e
2273 3528 2502 3595 vertice
2549 3542 2825 3596 erectum
2875 3529 2991 3595 erit
3038 3529 3203 3595 linea
3239 3529 3629 3619 tangentium
3661 3529 3737 3594 ad
3774 3529 4103 3608 circulum,

429 3624 739 3722 QQ-XXXS
781 3655 983 3721 radius
1046 3653 1331 3720 semi—axi
1378 3675 1416 3720 a
1466 3651 1739 3744 aequalis
1787 3661 1902 3717 est.
2000 3647 2269 3715 Radium
2321 3660 2633 3718 vectorem
2680 3673 2859 3717 arcus
2908 3648 3037 3715 dati
3084 3649 3275 3740 igitur
3320 3649 3467 3717 inde
3516 3673 3553 3715 a
3600 3650 3829 3717 vertice
3876 3651 3942 3716 in
3987 3647 4108 3717 hoc

539 3774 985 3866 QffiYpendiculo
1031 3773 1376 3852 abscindaS‚
1427 3774 1604 3862 cujus
1651 3771 2100 3876 extremitatem
2149 3793 2292 3837 cum
2345 3783 2557 3837 centro
2606 3771 2656 3837 si
2692 3773 2948 3862 jungas,
3002 3770 3455 3838 Lemniscatam
3505 3771 3737 3838 secabis
3780 3773 3841 3836 in
3878 3784 4113 3867 puncto

620 3895 854 3975 quaesito.
908 3893 1018 3981 (cf.
1069 3893 1252 3959 form.
1309 3891 1482 3984 (88),
1533 3889 1769 3963 etvid.
1823 3889 1963 3981 Fig.
2021 3893 2183 3976 12.).

762 4074 1115 4145 SOLUTIO
1170 4081 1232 4142 2.
1334 4073 1629 4166 Sequitur
1675 4098 1746 4142 ex
1795 4075 1976 4146 form.
2029 4073 2169 4165 (90)
2221 4077 2400 4142 σθω
2427 4097 2470 4155 φ
2500 4097 2642 4147 =e
2669 4077 2789 4142 Sec
2822 4123 2841 4160 ι
2880 4103 2924 4157 φ
2981 4127 2995 4141 .

751 4242 794 4307 Ε
859 4244 988 4310 dati
1034 4243 1254 4334 puncti
1302 4241 1456 4308 radii
1504 4242 1762 4308 vectoris
1809 4265 1954 4310 cum
2003 4241 2264 4322 circulo,
2315 4242 2380 4307 in
2431 4252 2630 4307 totum
2682 4241 2819 4306 axin
2870 4252 3249 4320 constructo,
3304 4243 3735 4310 intersectione
3784 4246 4113 4337 perpendi-

625 4358 782 4428 culum
843 4365 907 4434 in
1000 4363 1139 4430 axin
1225 4362 1538 4441 demittam,
1612 4385 1758 4429 cum
1820 4375 1994 4453 parte
2053 4385 2255 4442 axeoS,
2321 4386 2356 4428 a
2429 4373 2644 4460 centro
2709 4383 2906 4450 usque
2982 4360 3059 4427 ad
3122 4359 3309 4450 hujus
3377 4362 3807 4454 perpendiculi
3867 4364 4114 4456 pedem,

627 4499 655 4538 a
687 4485 772 4548 Cos
802 4513 840 4567 φ
869 4485 1140 4576 aequali,
1191 4508 1225 4551 e
1273 4495 1488 4550 centro
1539 4483 1754 4550 circuli
1785 4505 2001 4550 arcum
2064 4483 2276 4564 ducas,
2327 4483 2505 4572 cujus
2569 4482 3005 4550 intersectione
3062 4505 3209 4550 cum
3255 4484 3725 4576 perpendiculo,
3776 4511 3811 4550 e
3860 4487 3995 4552 foco
4054 4488 4115 4551 in

630 4599 728 4682 urin
764 4617 973 4686 erecto,
1025 4627 1170 4672 cum
1221 4615 1434 4670 centro
1471 4605 1723 4692 juncta,
1773 4603 2016 4670 radium
2064 4615 2372 4671 vectorem
2417 4603 2763 4696 quaesitum
2813 4601 3091 4670 habebis.
3150 4603 3297 4692 (vid.
3350 4603 3487 4694 Fig.
3549 4605 3715 4693 12).

770 4747 864 4808 72.
962 4741 1376 4832 Caeteroquin
1425 4752 1516 4808 est

638 4918 1010 5018 ῙΗΕθΒΕΗᾹ
1055 4931 1334 5017 ΧΙΝΙΙΙ.
1429 4951 1723 5018 Arcuum
1773 4947 2215 5018 Lemniscatae
2262 4947 2928 5040 complementarium
2976 4947 3189 5017 radios
3226 4963 3518 5018 vectores
3558 4949 3604 5017 si
3647 4952 4122 5044 prolongemus
4234 4988 4245 4997 ·

939 5119 1144 5186 usque
1207 5096 1292 5164 ad
1353 5095 1936 5190 perpendiculum,
1987 5119 2025 5165 e
2071 5096 2318 5166 vertice
2364 5096 2434 5164 in
2484 5095 2633 5165 axin
2681 5109 3000 5180 erectum,
3049 5111 3273 5189 partes
3321 5095 3413 5165 ita
3464 5095 3532 5164 in
3581 5097 3710 5168 hoc
3762 5101 4119 5191 perpendi-

937 5243 1086 5312 culo
1133 5243 1287 5314 inde
1333 5270 1369 5313 a
1420 5243 1661 5315 vertice
1709 5243 2064 5336 praecisae,
2117 5243 2304 5314 alteri
2359 5243 2543 5314 radio
2592 5227 2835 5314 vectori
2885 5243 3191 5335 aequales
3238 5259 3455 5314 erunt.
