4959 6309
2145 651 2504 720 *97*

532 884 775 962 partem
823 872 1109 940 semi-axi
1152 871 1477 963 aequalem
1528 870 1890 954 abscindas3
1942 889 2128 964 supra
2171 869 2337 940 hanc
2382 871 2642 952 lineam,
2691 891 2732 938 a
2761 873 2838 956 -Ι-
2867 893 2908 936 a
2937 869 2993 937 C
2987 889 3059 937 os
3092 872 3129 936 2
3163 899 3204 956 q·
3221 868 3574 958 aequalem,
3607 865 4093 936 semi-circulum

534 991 871 1072 describas,
918 993 1029 1086 qui
1077 992 1143 1060 in
1186 991 1659 1085 perpendiculo,
1710 1015 1745 1060 e
1794 1003 2007 1060 centro
2055 1013 2279 1062 curvae
2325 993 2393 1060 in
2440 991 2686 1058 radium
2734 1001 3046 1058 rectorem
3091 999 3320 1071 erecto,
3362 988 3508 1056 inde
3539 1012 3572 1053 a
3603 1001 3820 1056 centro
3854 975 4096 1077 partein

534 1111 932 1196 determinat,
984 1135 1145 1204 quae
1192 1125 1283 1180 est
1332 1112 1537 1179 radius
1584 1123 1816 1192 vector,
1869 1137 1907 1180 r
1928 1144 2013 1170 =
2040 1121 2107 1196 tl
2136 1115 2199 1202 (a
2232 1164 2246 1178 .
2274 1136 2316 1179 a
2348 1111 2473 1182 Cos
2501 1117 2540 1178 2
2567 1113 2640 1202 φ)
2672 1143 2756 1169 =
2783 1134 2825 1178 a
2847 1119 2912 1196 ι]
2948 1107 3066 1179 Cos
3093 1114 3132 1176 2
3161 1137 3231 1194 φ,
3265 1108 3342 1175 ad
3367 1110 3666 1200 angulum
3690 1135 3734 1192 φ
3754 1109 4094 1200 pertinens,

539 1233 689 1324 (vid.
746 1234 886 1326 Fig.
943 1237 1086 1322 16).

715 1422 869 1486 126.
971 1413 1569 1486 CONSTRUGTIO
1622 1417 1697 1487 V.
1750 1416 1843 1484 Ex
1888 1415 2107 1484 eadem
2156 1417 2527 1507 aequatione
2576 1413 2866 1484 deducta.

534 1538 607 1604 Iu
679 1538 1011 1604 semi-axin
1076 1535 1383 1604 circulum
1440 1548 1759 1605 construas
1791 1531 1885 1604 ‘et
1928 1558 2045 1629 per
2090 1559 2315 1604 curvae
2362 1549 2652 1604 centrum
2699 1536 2852 1603 duos
2901 1537 3101 1603 radios
3149 1547 3426 1602 rectores
3473 1533 3661 1602 ducas
3710 1533 3788 1601 ab
3836 1545 4101 1624 utraque

535 1657 657 1724 axis
742 1670 919 1751 parte
1000 1680 1147 1724 cum
1220 1681 1295 1724 eo
1352 1657 1623 1726 eundem
1688 1658 1989 1749 angulum
2053 1683 2099 1740 φ
2158 1657 2528 1736 efficienteS,
2595 1657 3026 1748 circulumque
3091 1657 3157 1724 in
3221 1657 3471 1749 punctis
3531 1655 3602 1734 Z,
3670 1655 3737 1720 Z'
3792 1666 4093 1748 secanteS.

540 1776 775 1845 Arcum
843 1776 968 1844 ZL
1024 1801 1230 1844 sumas
1290 1778 1473 1844 arcui
1536 1777 1659 1844 ΖΑ
1718 1779 2071 1870 aequalem,
2122 1780 2477 1847 distantiam
2529 1776 2661 1847 OL
2691 1803 2838 1846 =a
2869 1780 3052 1845 Cosa
3084 1804 3128 1860 φ
3176 1777 3243 1843 in
3288 1778 3427 1847 axin
3476 1777 3764 1844 demittas
3811 1777 3876 1842 in
3919 1776 4010 1856 M,
4064 1803 4098 1841 e

538 1921 663 1988 quo
708 1897 1229 1992 perpendiculum
1278 1897 1345 1966 in
1393 1899 1533 1964 axin
1580 1899 1801 1992 erigas,
1900 1898 2105 1989 Hujus
2152 1923 2301 1967 cum
2350 1900 2584 1968 circulo
2632 1898 3080 1996 intersectionis
3129 1897 3207 1964 ad
3256 1919 3479 1965 curvae
3529 1909 3812 1963 centrum
3864 1896 4098 1962 distan-

538 2021 689 2090 tiam
740 2021 805 2086 in
854 2019 1055 2086 radios
1100 2031 1377 2087 vectores
1424 2019 1909 2111 transponendo,
1958 2033 2195 2111 puncta
2243 2044 2467 2088 curvae
2517 2033 2786 2114 quatuor
2832 2019 3128 2086 invenies.
3186 2018 3334 2107 (vid.
3387 2017 3525 2108 Fig.
3584 2017 3726 2104 17).
3755 2009 3778 2028 ⁹

724 2206 877 2270 127.
981 2199 1580 2271 CONSTRUGTIO
1631 2202 1742 2270 vl.
1800 2203 1973 2289 Quae
2020 2228 2093 2271 ex
2142 2204 2357 2272 eadem
2402 2205 2776 2295 aequatione
2816 2202 3346 2294 sequens‚adoct.
3375 2202 3787 2282 Vnum-mxx,
3818 2204 3880 2268 in
3908 2201 4094 2268 Diss.

538 2324 783 2404 laud.,
833 2347 981 2417 pag.
1039 2327 1149 2404 19,
1198 2325 1590 2416 proponitur.

730 2446 785 2512 Ε
844 2446 984 2513 foco
1048 2459 1197 2512 c'um
1268 2445 1715 2513 excentricitati
1783 2447 2281 2513 semi-circulum
2346 2445 2678 2526 describas,
2745 2459 2808 2510 et
2879 2468 2913 2510 e
2979 2455 3194 2510 centro
3261 2445 3326 2509 in
3391 2444 3529 2509 axin
3577 2441 4098 2535 perpendiculum

539 2569 763 2658 erigas,
812 2567 879 2634 in
929 2589 1053 2657 quo
1099 2565 1369 2633 valorem
1419 2566 1699 2658 quemvis
1746 2589 1784 2632 r
1830 2589 2061 2646 sumas,
2112 2590 2258 2633 cum
2310 2568 2488 2656 cujus
2536 2565 2934 2634 extremitatis
2987 2564 3076 2658 ,ad
3127 2564 3422 2632 verticem
3465 2563 3752 2635 distantia
3802 2588 3837 2630 e
3887 2577 4101 2632 centro

542 2709 767 2754 curvae
817 2685 1039 2753 circuli
1111 2708 1328 2752 arcum
1394 2684 1608 2767 ducas,
1670 2687 1848 2775 cujus
1920 2710 2067 2754 cum
2113 2688 2304 2779 priori
2351 2687 2773 2754 semi-circulo
2821 2685 3319 2753 intersectionem
3369 2698 3582 2752 centro
3621 2687 3875 2776 jungaS‚
3926 2697 3987 2752 et
4037 2688 4100 2752 in

542 2808 706 2876 hanc
753 2808 985 2874 lineam
1031 2807 1302 2874 valorem
1352 2830 1391 2874 r
1434 2806 1746 2898 primitive
1793 2819 2073 2876 sumtum
2122 2807 2507 2876 transducas.
2565 2807 2715 2898 (vid.
2770 2806 2910 2898 Fig.
2969 2805 3105 2896 18).

737 2994 894 3059 128.
997 2987 1597 3059 CONSTRUOTIO
1648 2989 1794 3060 VII.
1850 2991 2051 3077 Quam
2102 2990 2389 3083 aequatio
2440 2991 2551 3080 (E)
2603 2990 2827 3060 obfert.
2925 2989 3000 3058 In
3052 2992 3440 3081 tangentium
3489 2991 3860 3058 centralium
3911 2993 4102 3059 altera

542 3125 785 3205 partem
854 3135 1065 3180 sumas
1130 3111 1311 3192 ΟΜ,
1384 3111 1667 3180 focorum
1728 3110 2055 3181 distantiae
2101 3111 2460 3203 aequalem:
2538 3112 2604 3178 in
2653 3111 2848 3179 altera
2892 3123 3131 3205 partem
3184 3108 3346 3193 OL,
3416 3109 3587 3178 radio
3635 3111 3864 3179 rectori
3913 3112 4102 3181 cuivis
4205 3123 4210 3128 “

545 3234 897 3326 aequalem.
996 3231 1073 3299 In
1122 3245 1357 3300 rectam
1422 3232 1561 3299 ML
1608 3256 1680 3299 ex
1730 3233 1783 3300 L
1828 3233 2020 3301 erecti
2065 3232 2496 3325 perpendiculi
2561 3255 2704 3299 cum
2770 3234 2972 3326 prima
3023 3232 3298 3323 tangenti
3347 3231 3606 3297 centn-ali
3653 3233 4103 3301 intersectionis

1714 3361 1784 3419 τ’

542 3422 621 3487 ad
670 3431 959 3488 centrum
1006 3420 1294 3488 distantia
1356 3418 1489 3487 ΟΝ
1544 3422 1661 3489 erit
1712 3448 1835 3537 {e’

542 3610 763 3699 gulum
812 3609 1272 3700 rectangulum‚
1326 3610 1503 3698 cujus
1548 3607 1981 3698 hypothenusa
2028 3607 2104 3674 sit
2151 3631 2211 3689 r,
2264 3619 2327 3675 et
2374 3630 2517 3674 area
2566 3610 2610 3695 ὲ
2659 3606 2712 3675 Ο
2743 3604 2803 3673 N
2813 3607 2875 3686 ²,
2926 3607 3104 3695 cujus
3152 3607 3414 3674 altitudo
3457 3631 3502 3693 p
3541 3609 3748 3699 igitur.
3765 3610 3882 3676 erit
3921 3610 4102 3679 tertia

546 3728 1021 3820 proportionalis
1092 3728 1167 3795 ad
1217 3753 1254 3793 r
1299 3740 1363 3795 et
1414 3724 1547 3796 ΟΝ
1578 3751 1594 3809 ;
1649 3727 1715 3794 in
1768 3727 1821 3796 Ο
1845 3704 1907 3794 L'
1925 3751 2072 3819 ergo
2109 3727 2610 3795 semi-circulum
2646 3727 2978 3806 describas,
3013 3739 3237 3793 etcum
3259 3726 3396 3795 ΟΝ
3411 3752 3482 3795 ex
3505 3727 3558 3796 Ο
3587 3730 3850 3796 alterum
3887 3730 4103 3798 circuli

554 3872 773 3916 arcum
833 3848 1044 3931 ducas,
1117 3872 1153 3915 e
1201 3850 1377 3938 cujus
1442 3848 1879 3916 intersectione
1926 3870 2069 3915 cum
2116 3848 2320 3940 primo
2366 3846 2882 3939 perpendiculum
2934 3848 2998 3912 in
3051 3844 3189 3912 OM
3237 3847 3549 3928 demittaS‚
3601 3850 3777 3938 cujus
3823 3849 3998 3941 pedis
4046 3850 4101 3915 R

1622 3980 1792 4050 ΟΝ2

1886 3442 2031 3511 ergo
2083 3419 2136 3488 Ο
2156 3416 2215 3487 Ν
2228 3420 2253 3460 ²
2310 3420 2428 3489 erit
2449 3442 2498 3486 x
2510 3444 2553 3507 y
2574 3418 2851 3509 aequale.
2904 3418 3117 3485 Restat
3140 3419 3329 3510 igitur
3346 3432 3417 3486 ut
3451 3432 3877 3485 construamus
3902 3420 4096 3487 trian-

544 4036 623 4109 ad
672 4028 961 4103 centrum
1010 4036 1391 4114 distantiam,
1426 4059 1474 4122 p
1502 4068 1586 4092 =
1848 4034 2199 4127 aequalem,
2243 4036 2303 4103 in
2354 4035 2782 4126 prolongatam
2835 4033 2888 4102 Ο
2917 4034 2985 4101 Μ
3048 4048 3432 4126 transponas,
3499 4047 3563 4102 et
3619 4060 3690 4102 ex
3737 4036 3924 4126 hujus
3975 4038 4100 4105 fine

1690 4125 1726 4167 r

542 4220 589 4286 S
638 4222 817 4289 alteri
865 4222 1145 4313 tangenti
1193 4221 1453 4289 centrali
1498 4221 1861 4314 parallelam
1910 4221 2124 4289 ducas.
2182 4220 2383 4313 Hujus
2430 4245 2578 4290 cum
2625 4184 2828 4313 primo
2876 4178 3107 4289 circulo
3153 4223 3602 4303 intersectionis
3649 4224 3974 4291 distantiae
4023 4224 4102 4291 ad

544 4338 599 4405 Ο
650 4352 715 4407 et
763 4339 816 4406 L
864 4341 1259 4409 coordinatae
1304 4365 1351 4408 ω
1398 4352 1461 4408 et
1509 4364 1550 4428 y
1597 4342 1661 4406 in
1710 4342 2113 4432 tangentibus
2160 4341 2540 4409 centralibus
2586 4353 2755 4408 sunt.
2813 4340 2966 4428 (vid.
3019 4341 3157 4434 Fig.
3212 4340 3352 4433 19).

724 4526 877 4593 129.
978 4520 1577 4592 CONSTRUGTIO
1629 4523 1805 4591 VIII.
1865 4524 1957 4590 Ex
2004 4524 2373 4616 aequatione
2420 4524 2522 4613 (F)
2575 4524 2865 4592 deducta.
2923 4524 2998 4591 In
3047 4526 3328 4616 tangenti
3355 4526 3614 4593 centrali
3639 4527 3782 4595 inde
3809 4551 3844 4593 a
3887 4542 4099 4597 centro

537 4653 783 4734 partem
846 4666 1078 4721 sumaS,
1150 4644 1435 4711 focorum
1507 4642 1835 4710 distantiae
1907 4644 2257 4735 aequalem,
2326 4669 2363 4712 e
2427 4646 2608 4735 cujus
2665 4647 3050 4714 extremitate
3105 4648 3628 4741 perpendiculum
3696 4622 3984 4717 demittas
4032 4653 4098 4718 in

535 4786 988 4856 quemcunque
1034 4764 1277 4831 radium
1327 4776 1664 4847 vectorem,
1712 4788 1827 4858 per
1875 4776 2165 4834 centrum
2212 4766 2496 4836 ductum.
2571 4766 2726 4835 Inde
2774 4790 2810 4833 a
2856 4766 3285 4859 perpendiculi
3333 4767 3493 4859 pede
3541 4770 3606 4835 in
3643 4769 3798 4837 radii
3837 4774 4098 4839 vectoris

534 4884 1009 4977 prolongatione
1076 4875 1318 4977 partem
1386 4874 1591 4953 sumas
1636 4886 2081 4978 perpendiculo
2126 4886 2243 4977 ipsi
2290 4886 2654 4979 aequalem3
2726 4898 2790 4953 et
2837 4888 2903 4952 in
2951 4886 3184 4954 lineam
3235 4888 3380 4955 inde
3428 4912 3464 4954 a
3513 4900 3725 4957 centro
3774 4913 3970 4983 usque
4018 4892 4095 4958 ad

528 5003 725 5095 hujus
780 5006 972 5099 partis
1034 5006 1489 5074 extremitatem
1553 5004 2050 5074 semi-circulum
2107 5006 2322 5090 ducaS,
2392 5010 2571 5097 cujus
2633 5008 3084 5075 intersectionis
3132 5032 3278 5076 cum
3325 5011 3772 5102 perpendiculo
3820 5036 4098 5081 comme-

535 5114 802 5195 morato‘
842 5124 924 5193 ad
992 5125 1127 5215 ejus
1189 5126 1418 5218 pedem
1476 5124 1791 5207 distantia,
1832 5140 1936 5203 V
1983 5124 2053 5216 (2
2090 5150 2124 5195 e
2157 5130 2273 5197 Sin
2310 5154 2353 5211 φ
2410 5180 2425 5195 .
2483 5132 2521 5194 9.
2549 5150 2584 5196 e
2611 5128 2731 5197 Cos
2755 5132 2824 5215 φ)
2854 5160 2938 5187 =
2965 5144 3069 5205 V
3099 5127 3170 5220 (2
3195 5130 3268 5198 θ’
3295 5133 3415 5199 δίη
3442 5134 3480 5196 2
3509 5134 3581 5217 φ)
3633 5132 3930 5225 aequalis,
3981 5134 4099 5203 erit

534 5242 705 5313 valor
751 5245 942 5336 ipsius
989 5270 1049 5313 r.
1103 5244 1269 5334 (rid.'
1308 5246 1447 5337 Fig.
1506 5246 1643 5336 19).

3629 5378 3712 5439 15
